
@ARTICLE{Davey1933-zt,
  title     = "The Estimation of the Density of Infective Anophelines as a
               Method of Calculating the Relative Risk of Inoculation with
               Malaria from Different Species or in Different Localities",
  author    = "Davey, T H and Gordon, R M",
  journal   = "Ann. Trop. Med. Parasitol.",
  publisher = "Taylor \& Francis",
  volume    =  27,
  number    =  1,
  pages     = "27--52",
  month     =  apr,
  year      =  1933
}

@ARTICLE{GBD_2017_Lower_Respiratory_Infections_Collaborators2020-fo,
  title     = "Quantifying risks and interventions that have affected the
               burden of lower respiratory infections among children younger
               than 5 years: an analysis for the Global Burden of Disease Study
               2017",
  author    = "{GBD 2017 Lower Respiratory Infections Collaborators}",
  journal   = "Lancet Infect. Dis.",
  publisher = "Elsevier",
  volume    =  20,
  number    =  1,
  pages     = "60--79",
  month     =  jan,
  year      =  2020,
  language  = "en"
}

@ARTICLE{GBD_2017_Diarrhoeal_Disease_Collaborators2019-hq,
  title     = "Quantifying risks and interventions that have affected the
               burden of diarrhoea among children younger than 5 years: an
               analysis of the Global Burden of Disease Study 2017",
  author    = "{GBD 2017 Diarrhoeal Disease Collaborators}",
  journal   = "Lancet Infect. Dis.",
  publisher = "Elsevier",
  volume    =  20,
  number    =  1,
  pages     = "37--59",
  month     =  oct,
  year      =  2019,
  language  = "en"
}

@ARTICLE{Guerra2019-pb,
  title    = "Characterising malaria connectivity using malaria indicator
              survey data",
  author   = "Guerra, Carlos A and Citron, Daniel T and Garc{\'\i}a, Guillermo
              A and Smith, David L",
  journal  = "Malar. J.",
  volume   =  18,
  number   =  1,
  pages    = "440",
  month    =  dec,
  year     =  2019,
  language = "en"
}

@ARTICLE{Musiime2019-tn,
  title    = "Impact of vector control interventions on malaria transmission
              intensity, outdoor vector biting rates and Anopheles mosquito
              species composition in Tororo, Uganda",
  author   = "Musiime, Alex K and Smith, David L and Kilama, Maxwell and Rek,
              John and Arinaitwe, Emmanuel and Nankabirwa, Joaniter I and
              Kamya, Moses R and Conrad, Melissa D and Dorsey, Grant and Akol,
              Anne M and Staedke, Sarah G and Lindsay, Steve W and Egonyu,
              James P",
  journal  = "Malar. J.",
  volume   =  18,
  number   =  1,
  pages    = "445",
  month    =  dec,
  year     =  2019,
  language = "en"
}

@ARTICLE{Macdonald1950-tv,
  title     = "{The analysis of infection rates in diseases in which
               superinfection occurs}",
  author    = "Macdonald, G",
  journal   = "Trop. Dis. Bull.",
  publisher = "cabdirect.org",
  volume    =  47,
  number    =  10,
  pages     = "907--915",
  month     =  oct,
  year      =  1950,
  language  = "en"
}

@ARTICLE{Lotka1919-ai,
  title     = "A contribution to quantitative epidemiology",
  author    = "Lotka, Alfred J",
  journal   = "Journal of the Washington Academy of Sciences",
  publisher = "Washington Academy of Sciences",
  volume    =  9,
  number    =  3,
  pages     = "73--77",
  year      =  1919
}

@ARTICLE{Macdonald1950-za,
  title     = "The analysis of malaria parasite rates in infants",
  author    = "Macdonald, G",
  journal   = "Trop. Dis. Bull.",
  publisher = "ncbi.nlm.nih.gov",
  volume    =  47,
  number    =  10,
  pages     = "915--938",
  month     =  oct,
  year      =  1950,
  language  = "en"
}

@ARTICLE{Smith2017-ns,
  title   = "{Malaria Dollars and Sense}",
  author  = "Smith, David L and Cohen, Justin M",
  journal = "Nat. Hist.",
  volume  =  125,
  number  =  9,
  pages   = "28--31",
  month   =  sep,
  year    =  2017
}

@UNPUBLISHED{Laxminarayan2005-eh,
  title       = "Will a Global Subsidy of {Artemisinin-Based} Combination
                 Treatment (Act) for Malaria Delay the Emergence of Resistance
                 and Save Lives?",
  author      = "Laxminarayan, Ramanan and Over, Mead and Smith, David L",
  number      =  3670,
  series      = " Policy Research Working Paper",
  institution = "World Bank",
  month       =  jul,
  year        =  2005
}

@INCOLLECTION{Cohen2009-jq,
  title     = "Holding the Line",
  booktitle = "Shrinking the Malaria Map",
  author    = "Cohen, Justin M and Smith, David L and Vallely, Andrew and
               Taleo, George and Malefoasi, George and Sabot, Oliver J",
  editor    = "Feachem, Richard G A and Phillips, Allison A and Targett,
               Geoffrey A T",
  publisher = "University of California, San Francisco",
  pages     = "40--60",
  chapter   =  3,
  month     =  apr,
  year      =  2009,
  address   = "San Francisco, CA"
}

@ARTICLE{Howes2015-kn,
  title     = "\textit{Plasmodium vivax} transmission in Africa",
  author    = "Howes, Rosalind E and Reiner, Jr, Robert C and Battle, Katherine
               E and Longbottom, Joshua and Mappin, Bonnie and Ordanovich,
               Dariya and Tatem, Andrew J and Drakeley, Chris and Gething,
               Peter W and Zimmerman, Peter A and Smith, David L and Hay, Simon
               I",
  journal   = "PLoS Negl. Trop. Dis.",
  publisher = "journals.plos.org",
  volume    =  9,
  number    =  11,
  pages     = "e0004222",
  month     =  nov,
  year      =  2015,
  language  = "en"
}

@ARTICLE{Battle2015-tc,
  title     = "Global database of matched \textit{Plasmodium falciparum} and
               \textit{P. vivax} incidence and prevalence records from
               1985--2013",
  author    = "Battle, Katherine E and Guerra, Carlos A and Golding, Nick and
               Duda, Kirsten A and Cameron, Ewan and Howes, Rosalind E and
               Elyazar, Iqbal R F and Baird, J Kevin and Reiner, Jr, Robert C
               and Gething, Peter W and Smith, David L and Hay, Simon I",
  journal   = "Sci Data",
  publisher = "nature.com",
  volume    =  2,
  number    =  1,
  pages     = "150012",
  month     =  aug,
  year      =  2015,
  language  = "en"
}

@ARTICLE{Chiyaka2013-oj,
  title     = "The stability of malaria elimination",
  author    = "Chiyaka, C and Tatem, A J and Cohen, J M and Gething, P W and
               Johnston, G and Gosling, R and Laxminarayan, R and Hay, S I and
               Smith, D L",
  journal   = "Science",
  publisher = "American Association for the Advancement of Science",
  volume    =  339,
  number    =  6122,
  pages     = "909--910",
  month     =  feb,
  year      =  2013,
  language  = "en"
}

@ARTICLE{Smith2011-rq,
  title     = "Solving the Sisyphean problem of malaria in Zanzibar",
  author    = "Smith, David L and Cohen, Justin M and Moonen, Bruno and Tatem,
               Andrew J and Sabot, Oliver J and Ali, Abdullah and Mugheiry,
               Sultan M",
  journal   = "Science",
  publisher = "American Association for the Advancement of Science",
  volume    =  332,
  number    =  6036,
  pages     = "1384--1385",
  month     =  jun,
  year      =  2011,
  language  = "en"
}

@ARTICLE{Espana2019-ku,
  title     = "{Model-based assessment of public health impact and
               cost-effectiveness of dengue vaccination following screening for
               prior exposure}",
  author    = "Espa{\~n}a, Guido and Yao, Yutong and Anderson, Kathryn B and
               Fitzpatrick, Meagan C and Smith, David L and Morrison, Amy C and
               Wilder-Smith, Annelies and Scott, Thomas W and Perkins, T Alex",
  journal   = "PLoS Negl. Trop. Dis.",
  publisher = "Public Library of Science",
  volume    =  13,
  number    =  7,
  pages     = "e0007482",
  month     =  jul,
  year      =  2019,
  language  = "en"
}

@ARTICLE{GBD_2017_Typhoid_and_Paratyphoid_Collaborators2019-xc,
  title    = "The global burden of typhoid and paratyphoid fevers: a systematic
              analysis for the Global Burden of Disease Study 2017",
  author   = "{GBD 2017 Typhoid and Paratyphoid Collaborators}",
  journal  = "Lancet Infect. Dis.",
  volume   =  19,
  number   =  4,
  pages    = "369--381",
  month    =  apr,
  year     =  2019,
  language = "en"
}

@ARTICLE{Reiner2019-nq,
  title     = "Identifying residual hotspots and mapping lower respiratory
               infection morbidity and mortality in African children from 2000
               to 2017",
  author    = "Reiner, Robert C and Welgan, Catherine A and Casey, Daniel C and
               Troeger, Christopher E and Baumann, Mathew M and Nguyen,
               Quynhanh P and Swartz, Scott J and Blacker, Brigette F and
               Deshpande, Aniruddha and Mosser, Jonathan F and
               Osgood-Zimmerman, Aaron E and Earl, Lucas and Marczak, Laurie B
               and Munro, Sandra B and Miller-Petrie, Molly K and Rodgers Kemp,
               Grant and Frostad, Joseph and Wiens, Kirsten E and Lindstedt,
               Paulina A and Pigott, David M and Dwyer-Lindgren, Laura and
               Ross, Jennifer M and Burstein, Roy and Graetz, Nicholas and Rao,
               Puja C and Khalil, Ibrahim A and Davis Weaver, Nicole and Ray,
               Sarah E and Davis, Ian and Farag, Tamer and Brady, Oliver J and
               Kraemer, Moritz U G and Smith, David L and Bhatt, Samir and
               Weiss, Daniel J and Gething, Peter W and Kassebaum, Nicholas J
               and Mokdad, Ali H and Murray, Christopher J L and Hay, Simon I",
  journal   = "Nat Microbiol",
  publisher = "Nature Publishing Group",
  volume    =  4,
  number    =  12,
  pages     = "2310--2318",
  month     =  dec,
  year      =  2019,
  language  = "en"
}

@ARTICLE{Kraemer2019-ll,
  title    = "Past and future spread of the arbovirus vectors \textit{Aedes
              aegypti} and \textit{Aedes albopictus}",
  author   = "Kraemer, Moritz U G and Reiner, Jr, Robert C and Brady, Oliver J
              and Messina, Jane P and Gilbert, Marius and Pigott, David M and
              Yi, Dingdong and Johnson, Kimberly and Earl, Lucas and Marczak,
              Laurie B and Shirude, Shreya and Davis Weaver, Nicole and
              Bisanzio, Donal and Perkins, T Alex and Lai, Shengjie and Lu, Xin
              and Jones, Peter and Coelho, Giovanini E and Carvalho, Roberta G
              and Van Bortel, Wim and Marsboom, Cedric and Hendrickx, Guy and
              Schaffner, Francis and Moore, Chester G and Nax, Heinrich H and
              Bengtsson, Linus and Wetter, Erik and Tatem, Andrew J and
              Brownstein, John S and Smith, David L and Lambrechts, Louis and
              Cauchemez, Simon and Linard, Catherine and Faria, Nuno R and
              Pybus, Oliver G and Scott, Thomas W and Liu, Qiyong and Yu,
              Hongjie and Wint, G R William and Hay, Simon I and Golding, Nick",
  journal  = "Nat Microbiol",
  volume   =  4,
  number   =  5,
  pages    = "854--863",
  month    =  may,
  year     =  2019,
  language = "en"
}

@ARTICLE{Brady2017-nd,
  title     = "{Role of mass drug administration in elimination of
               \textit{Plasmodium falciparum} malaria: a consensus modelling
               study}",
  author    = "Brady, Oliver J and Slater, Hannah C and Pemberton-Ross, Peter
               and Wenger, Edward and Maude, Richard J and Ghani, Azra C and
               Penny, Melissa A and Gerardin, Jaline and White, Lisa J and
               Chitnis, Nakul and Aguas, Ricardo and Hay, Simon I and Smith,
               David L and Stuckey, Erin M and Okiro, Emelda A and Smith,
               Thomas A and Okell, Lucy C",
  journal   = "Lancet Glob Health",
  publisher = "Elsevier",
  volume    =  5,
  number    =  7,
  pages     = "e680--e687",
  month     =  jul,
  year      =  2017,
  language  = "en"
}

@ARTICLE{Kiware2017-za,
  title     = "Attacking the mosquito on multiple fronts: Insights from the
               Vector Control Optimization Model ({VCOM}) for malaria
               elimination",
  author    = "Kiware, Samson S and Chitnis, Nakul and Tatarsky, Allison and
               Wu, Sean and Castellanos, H{\'e}ctor Manuel S{\'a}nchez and
               Gosling, Roly and Smith, David and Marshall, John M",
  journal   = "PLoS One",
  publisher = "journals.plos.org",
  volume    =  12,
  number    =  12,
  pages     = "e0187680",
  month     =  dec,
  year      =  2017,
  language  = "en"
}

@ARTICLE{MalERA_Consultative_Group_on_Modeling2011-wr,
  title     = "{A research agenda for malaria eradication: modeling}",
  author    = "{malERA Consultative Group on Modeling}",
  journal   = "PLoS Med.",
  publisher = "Public Library of Science",
  volume    =  8,
  number    =  1,
  pages     = "e1000403",
  month     =  jan,
  year      =  2011,
  language  = "en"
}

@ARTICLE{Klein2009-lc,
  title    = "Community-associated methicillin-resistant \textit{Staphylococcus
              aureus} in outpatients, United States, 1999-2006",
  author   = "Klein, Eili and Smith, David L and Laxminarayan, Ramanan",
  journal  = "Emerg. Infect. Dis.",
  volume   =  15,
  number   =  12,
  pages    = "1925--1930",
  month    =  dec,
  year     =  2009,
  language = "en"
}

@ARTICLE{Tejedor-Garavito2017-ls,
  title    = "Travel patterns and demographic characteristics of malaria cases
              in Swaziland, 2010-2014",
  author   = "Tejedor-Garavito, Natalia and Dlamini, Nomcebo and Pindolia,
              Deepa and Soble, Adam and Ruktanonchai, Nick W and Alegana,
              Victor and Le Menach, Arnaud and Ntshalintshali, Nyasatu and
              Dlamini, Bongani and Smith, David L and Tatem, Andrew J and
              Kunene, Simon",
  journal  = "Malar. J.",
  volume   =  16,
  number   =  1,
  pages    = "359",
  month    =  sep,
  year     =  2017,
  language = "en"
}

@ARTICLE{Burstein2019-eo,
  title    = "Mapping 123 million neonatal, infant and child deaths between
              2000 and 2017",
  author   = "Burstein, Roy and Henry, Nathaniel J and Collison, Michael L and
              Marczak, Laurie B and Sligar, Amber and Watson, Stefanie and
              Marquez, Neal and Abbasalizad-Farhangi, Mahdieh and Abbasi,
              Masoumeh and Abd-Allah, Foad and Abdoli, Amir and Abdollahi,
              Mohammad and Abdollahpour, Ibrahim and Abdulkader, Rizwan
              Suliankatchi and Abrigo, Michael R M and Acharya, Dilaram and
              Adebayo, Oladimeji M and Adekanmbi, Victor and Adham, Davoud and
              Afshari, Mahdi and Aghaali, Mohammad and Ahmadi, Keivan and
              Ahmadi, Mehdi and Ahmadpour, Ehsan and Ahmed, Rushdia and Akal,
              Chalachew Genet and Akinyemi, Joshua O and Alahdab, Fares and
              Alam, Noore and Alamene, Genet Melak and Alene, Kefyalew Addis
              and Alijanzadeh, Mehran and Alinia, Cyrus and Alipour, Vahid and
              Aljunid, Syed Mohamed and Almalki, Mohammed J and Al-Mekhlafi,
              Hesham M and Altirkawi, Khalid and Alvis-Guzman, Nelson and
              Amegah, Adeladza Kofi and Amini, Saeed and Amit, Arianna Maever
              Loreche and Anbari, Zohreh and Androudi, Sofia and Anjomshoa,
              Mina and Ansari, Fereshteh and Antonio, Carl Abelardo T and
              Arabloo, Jalal and Arefi, Zohreh and Aremu, Olatunde and Armoon,
              Bahram and Arora, Amit and Artaman, Al and Asadi, Anvar and
              Asadi-Aliabadi, Mehran and Ashraf-Ganjouei, Amir and Assadi, Reza
              and Ataeinia, Bahar and Atre, Sachin R and Quintanilla, Beatriz
              Paulina Ayala and Ayanore, Martin Amogre and Azari, Samad and
              Babaee, Ebrahim and Babazadeh, Arefeh and Badawi, Alaa and
              Bagheri, Soghra and Bagherzadeh, Mojtaba and Baheiraei, Nafiseh
              and Balouchi, Abbas and Barac, Aleksandra and Bassat, Quique and
              Baune, Bernhard T and Bayati, Mohsen and Bedi, Neeraj and Beghi,
              Ettore and Behzadifar, Masoud and Behzadifar, Meysam and Belay,
              Yared Belete and Bell, Brent and Bell, Michelle L and Berbada,
              Dessalegn Ajema and Bernstein, Robert S and Bhattacharjee,
              Natalia V and Bhattarai, Suraj and Bhutta, Zulfiqar A and Bijani,
              Ali and Bohlouli, Somayeh and Breitborde, Nicholas J K and
              Britton, Gabrielle and Browne, Annie J and Nagaraja, Sharath
              Burugina and Busse, Reinhard and Butt, Zahid A and Car, Josip and
              C{\'a}rdenas, Rosario and Casta{\~n}eda-Orjuela, Carlos A and
              Cerin, Ester and Chanie, Wagaye Fentahun and Chatterjee, Pranab
              and Chu, Dinh-Toi and Cooper, Cyrus and Costa, Vera M and Dalal,
              Koustuv and Dandona, Lalit and Dandona, Rakhi and Daoud, Farah
              and Daryani, Ahmad and Das Gupta, Rajat and Davis, Ian and Davis
              Weaver, Nicole and Davitoiu, Dragos Virgil and De Neve,
              Jan-Walter and Demeke, Feleke Mekonnen and Demoz, Gebre
              Teklemariam and Deribe, Kebede and Desai, Rupak and Deshpande,
              Aniruddha and Desyibelew, Hanna Demelash and Dey, Sagnik and
              Dharmaratne, Samath Dhamminda and Dhimal, Meghnath and Diaz,
              Daniel and Doshmangir, Leila and Duraes, Andre R and
              Dwyer-Lindgren, Laura and Earl, Lucas and Ebrahimi, Roya and
              Ebrahimpour, Soheil and Effiong, Andem and Eftekhari, Aziz and
              Ehsani-Chimeh, Elham and El Sayed, Iman and El Sayed Zaki, Maysaa
              and El Tantawi, Maha and El-Khatib, Ziad and Emamian, Mohammad
              Hassan and Enany, Shymaa and Eskandarieh, Sharareh and Eyawo,
              Oghenowede and Ezalarab, Maha and Faramarzi, Mahbobeh and Fareed,
              Mohammad and Faridnia, Roghiyeh and Faro, Andre and Fazaeli, Ali
              Akbar and Fazlzadeh, Mehdi and Fentahun, Netsanet and
              Fereshtehnejad, Seyed-Mohammad and Fernandes, Jo{\~a}o C and
              Filip, Irina and Fischer, Florian and Foigt, Nataliya A and
              Foroutan, Masoud and Francis, Joel Msafiri and Fukumoto, Takeshi
              and Fullman, Nancy and Gallus, Silvano and Gebre, Destallem
              Gebremedhin and Gebrehiwot, Tsegaye Tewelde and Gebremeskel,
              Gebreamlak Gebremedhn and Gessner, Bradford D and Geta, Birhanu
              and Gething, Peter W and Ghadimi, Reza and Ghadiri, Keyghobad and
              Ghajarzadeh, Mahsa and Ghashghaee, Ahmad and Gill, Paramjit Singh
              and Gill, Tiffany K and Golding, Nick and Gomes, Nelson G M and
              Gona, Philimon N and Gopalani, Sameer Vali and Gorini, Giuseppe
              and Goulart, B{\'a}rbara Niegia Garcia and Graetz, Nicholas and
              Greaves, Felix and Green, Manfred S and Guo, Yuming and
              Haj-Mirzaian, Arvin and Haj-Mirzaian, Arya and Hall, Brian James
              and Hamidi, Samer and Haririan, Hamidreza and Haro, Josep Maria
              and Hasankhani, Milad and Hasanpoor, Edris and Hasanzadeh, Amir
              and Hassankhani, Hadi and Hassen, Hamid Yimam and Hegazy, Mohamed
              I and Hendrie, Delia and Heydarpour, Fatemeh and Hird, Thomas R
              and Hoang, Chi Linh and Hollerich, Gillian and Rad, Enayatollah
              Homaie and Hoseini-Ghahfarokhi, Mojtaba and Hossain, Naznin and
              Hosseini, Mostafa and Hosseinzadeh, Mehdi and Hostiuc, Mihaela
              and Hostiuc, Sorin and Househ, Mowafa and Hsairi, Mohamed and
              Ilesanmi, Olayinka Stephen and Imani-Nasab, Mohammad Hasan and
              Iqbal, Usman and Irvani, Seyed Sina Naghibi and Islam, Nazrul and
              Islam, Sheikh Mohammed Shariful and J{\"u}risson, Mikk and
              Balalami, Nader Jafari and Jalali, Amir and Javidnia, Javad and
              Jayatilleke, Achala Upendra and Jenabi, Ensiyeh and Ji, John S
              and Jobanputra, Yash B and Johnson, Kimberly and Jonas, Jost B
              and Shushtari, Zahra Jorjoran and Jozwiak, Jacek Jerzy and Kabir,
              Ali and Kahsay, Amaha and Kalani, Hamed and Kalhor, Rohollah and
              Karami, Manoochehr and Karki, Surendra and Kasaeian, Amir and
              Kassebaum, Nicholas J and Keiyoro, Peter Njenga and Kemp, Grant
              Rodgers and Khabiri, Roghayeh and Khader, Yousef Saleh and
              Khafaie, Morteza Abdullatif and Khan, Ejaz Ahmad and Khan, Junaid
              and Khan, Muhammad Shahzeb and Khang, Young-Ho and Khatab, Khaled
              and Khater, Amir and Khater, Mona M and Khatony, Alireza and
              Khazaei, Mohammad and Khazaei, Salman and Khazaei-Pool, Maryam
              and Khubchandani, Jagdish and Kianipour, Neda and Kim, Yun Jin
              and Kimokoti, Ruth W and Kinyoki, Damaris K and Kisa, Adnan and
              Kisa, Sezer and Kolola, Tufa and Kosen, Soewarta and Koul,
              Parvaiz A and Koyanagi, Ai and Kraemer, Moritz U G and Krishan,
              Kewal and Krohn, Kris J and Kugbey, Nuworza and Kumar, G Anil and
              Kumar, Manasi and Kumar, Pushpendra and Kuupiel, Desmond and
              Lacey, Ben and Lad, Sheetal D and Lami, Faris Hasan and Larsson,
              Anders O and Lee, Paul H and Leili, Mostafa and Levine, Aubrey J
              and Li, Shanshan and Lim, Lee-Ling and Listl, Stefan and
              Longbottom, Joshua and Lopez, Jaifred Christian F and Lorkowski,
              Stefan and Magdeldin, Sameh and Abd El Razek, Hassan Magdy and
              Abd El Razek, Muhammed Magdy and Majeed, Azeem and Maleki, Afshin
              and Malekzadeh, Reza and Malta, Deborah Carvalho and Mamun,
              Abdullah A and Manafi, Navid and Manda, Ana-Laura and Mansourian,
              Morteza and Martins-Melo, Francisco Rogerl{\^a}ndio and Masaka,
              Anthony and Massenburg, Benjamin Ballard and Maulik, Pallab K and
              Mayala, Benjamin K and Mazidi, Mohsen and McKee, Martin and
              Mehrotra, Ravi and Mehta, Kala M and Meles, Gebrekiros
              Gebremichael and Mendoza, Walter and Menezes, Ritesh G and
              Meretoja, Atte and Meretoja, Tuomo J and Mestrovic, Tomislav and
              Miller, Ted R and Miller-Petrie, Molly K and Mills, Edward J and
              Milne, George J and Mini, G K and Mir, Seyed Mostafa and
              Mirjalali, Hamed and Mirrakhimov, Erkin M and Mohamadi, Efat and
              Mohammad, Dara K and Darwesh, Aso Mohammad and Mezerji, Naser
              Mohammad Gholi and Mohammed, Ammas Siraj and Mohammed, Shafiu and
              Mokdad, Ali H and Molokhia, Mariam and Monasta, Lorenzo and
              Moodley, Yoshan and Moosazadeh, Mahmood and Moradi, Ghobad and
              Moradi, Masoud and Moradi, Yousef and Moradi-Lakeh, Maziar and
              Moradinazar, Mehdi and Moraga, Paula and Morawska, Lidia and
              Mosapour, Abbas and Mousavi, Seyyed Meysam and Mueller, Ulrich
              Otto and Muluneh, Atalay Goshu and Mustafa, Ghulam and
              Nabavizadeh, Behnam and Naderi, Mehdi and Nagarajan, Ahamarshan
              Jayaraman and Nahvijou, Azin and Najafi, Farid and Nangia, Vinay
              and Ndwandwe, Duduzile Edith and Neamati, Nahid and Negoi, Ionut
              and Negoi, Ruxandra Irina and Ngunjiri, Josephine W and Thi
              Nguyen, Huong Lan and Nguyen, Long Hoang and Nguyen, Son Hoang
              and Nielsen, Katie R and Ningrum, Dina Nur Anggraini and Nirayo,
              Yirga Legesse and Nixon, Molly R and Nnaji, Chukwudi A and
              Nojomi, Marzieh and Noroozi, Mehdi and Nosratnejad, Shirin and
              Noubiap, Jean Jacques and Motlagh, Soraya Nouraei and
              Ofori-Asenso, Richard and Ogbo, Felix Akpojene and Oladimeji,
              Kelechi E and Olagunju, Andrew T and Olfatifar, Meysam and Olum,
              Solomon and Olusanya, Bolajoko Olubukunola and Oluwasanu,
              Mojisola Morenike and Onwujekwe, Obinna E and Oren, Eyal and
              Ortega-Altamirano, Doris D V and Ortiz, Alberto and Osarenotor,
              Osayomwanbo and Osei, Frank B and Osgood-Zimmerman, Aaron E and
              Otstavnov, Stanislav S and Owolabi, Mayowa Ojo and P A, Mahesh
              and Pagheh, Abdol Sattar and Pakhale, Smita and Panda-Jonas,
              Songhomitra and Pandey, Animika and Park, Eun-Kee and Parsian,
              Hadi and Pashaei, Tahereh and Patel, Sangram Kishor and Pepito,
              Veincent Christian Filipino and Pereira, Alexandre and Perkins,
              Samantha and Pickering, Brandon V and Pilgrim, Thomas and
              Pirestani, Majid and Piroozi, Bakhtiar and Pirsaheb, Meghdad and
              Plana-Ripoll, Oleguer and Pourjafar, Hadi and Puri, Parul and
              Qorbani, Mostafa and Quintana, Hedley and Rabiee, Mohammad and
              Rabiee, Navid and Radfar, Amir and Rafiei, Alireza and Rahim,
              Fakher and Rahimi, Zohreh and Rahimi-Movaghar, Vafa and
              Rahimzadeh, Shadi and Rajati, Fatemeh and Raju, Sree Bhushan and
              Ramezankhani, Azra and Ranabhat, Chhabi Lal and Rasella, Davide
              and Rashedi, Vahid and Rawal, Lal and Reiner, Jr, Robert C and
              Renzaho, Andre M N and Rezaei, Satar and Rezapour, Aziz and
              Riahi, Seyed Mohammad and Ribeiro, Ana Isabel and Roever,
              Leonardo and Roro, Elias Merdassa and Roser, Max and Roshandel,
              Gholamreza and Roshani, Daem and Rostami, Ali and Rubagotti,
              Enrico and Rubino, Salvatore and Sabour, Siamak and Sadat, Nafis
              and Sadeghi, Ehsan and Saeedi, Reza and Safari, Yahya and
              Safari-Faramani, Roya and Safdarian, Mahdi and Sahebkar,
              Amirhossein and Salahshoor, Mohammad Reza and Salam, Nasir and
              Salamati, Payman and Salehi, Farkhonde and Zahabi, Saleh Salehi
              and Salimi, Yahya and Salimzadeh, Hamideh and Salomon, Joshua A
              and Sambala, Evanson Zondani and Samy, Abdallah M and Santric
              Milicevic, Milena M and Jose, Bruno Piassi Sao and Saraswathy,
              Sivan Yegnanarayana Iyer and Sarmiento-Su{\'a}rez, Rodrigo and
              Sartorius, Benn and Sathian, Brijesh and Saxena, Sonia and
              Sbarra, Alyssa N and Schaeffer, Lauren E and Schwebel, David C
              and Sepanlou, Sadaf G and Seyedmousavi, Seyedmojtaba and
              Shaahmadi, Faramarz and Shaikh, Masood Ali and Shams-Beyranvand,
              Mehran and Shamshirian, Amir and Shamsizadeh, Morteza and
              Sharafi, Kiomars and Sharif, Mehdi and Sharif-Alhoseini, Mahdi
              and Sharifi, Hamid and Sharma, Jayendra and Sharma, Rajesh and
              Sheikh, Aziz and Shields, Chloe and Shigematsu, Mika and Shiri,
              Rahman and Shiue, Ivy and Shuval, Kerem and Siddiqi, Tariq J and
              Silva, Jo{\~a}o Pedro and Singh, Jasvinder A and Sinha, Dhirendra
              Narain and Sisay, Malede Mequanent and Sisay, Solomon and Sliwa,
              Karen and Smith, David L and Somayaji, Ranjani and Soofi, Moslem
              and Soriano, Joan B and Sreeramareddy, Chandrashekhar T and
              Sudaryanto, Agus and Sufiyan, Mu'awiyyah Babale and Sykes, Bryan
              L and Sylaja, P N and Tabar{\'e}s-Seisdedos, Rafael and Tabb,
              Karen M and Tabuchi, Takahiro and Taveira, Nuno and Temsah,
              Mohamad-Hani and Terkawi, Abdullah Sulieman and Tessema, Zemenu
              Tadesse and Thankappan, Kavumpurathu Raman and Thirunavukkarasu,
              Sathish and To, Quyen G and Tovani-Palone, Marcos Roberto and
              Tran, Bach Xuan and Tran, Khanh Bao and Ullah, Irfan and Usman,
              Muhammad Shariq and Uthman, Olalekan A and Vahedian-Azimi, Amir
              and Valdez, Pascual R and van Boven, Job F M and Vasankari, Tommi
              Juhani and Vasseghian, Yasser and Veisani, Yousef and
              Venketasubramanian, Narayanaswamy and Violante, Francesco S and
              Vladimirov, Sergey Konstantinovitch and Vlassov, Vasily and Vos,
              Theo and Vu, Giang Thu and Vujcic, Isidora S and Waheed, Yasir
              and Wakefield, Jon and Wang, Haidong and Wang, Yafeng and Wang,
              Yuan-Pang and Ward, Joseph L and Weintraub, Robert G and
              Weldegwergs, Kidu Gidey and Weldesamuel, Girmay Teklay and
              Westerman, Ronny and Wiysonge, Charles Shey and Wondafrash, Dawit
              Zewdu and Woyczynski, Lauren and Wu, Ai-Min and Xu, Gelin and
              Yadegar, Abbas and Yamada, Tomohide and Yazdi-Feyzabadi, Vahid
              and Yilgwan, Christopher Sabo and Yip, Paul and Yonemoto, Naohiro
              and Lebni, Javad Yoosefi and Younis, Mustafa Z and Yousefifard,
              Mahmoud and Yousof, Hebat-Allah Salah A and Yu, Chuanhua and
              Yusefzadeh, Hasan and Zabeh, Erfan and Moghadam, Telma Zahirian
              and Bin Zaman, Sojib and Zamani, Mohammad and Zandian, Hamed and
              Zangeneh, Alireza and Zerfu, Taddese Alemu and Zhang, Yunquan and
              Ziapour, Arash and Zodpey, Sanjay and Murray, Christopher J L and
              Hay, Simon I",
  journal  = "Nature",
  volume   =  574,
  number   =  7778,
  pages    = "353--358",
  month    =  oct,
  year     =  2019,
  language = "en"
}

@ARTICLE{Bhatt2015-sc,
  title     = "{Coverage and system efficiencies of insecticide-treated nets in
               Africa from 2000 to 2017}",
  author    = "Bhatt, Samir and Weiss, Daniel J and Mappin, Bonnie and
               Dalrymple, Ursula and Cameron, Ewan and Bisanzio, Donal and
               Smith, David L and Moyes, Catherine L and Tatem, Andrew J and
               Lynch, Michael and Fergus, Cristin A and Yukich, Joshua and
               Bennett, Adam and Eisele, Thomas P and Kolaczinski, Jan and
               Cibulskis, Richard E and Hay, Simon I and Gething, Peter W",
  journal   = "Elife",
  publisher = "eLife Sciences Publications, Ltd",
  volume    =  4,
  pages     = "e09672",
  month     =  dec,
  year      =  2015,
  language  = "en"
}

@ARTICLE{Macdonald1952-st,
  title    = "{The analysis of the sporozoite rate}",
  author   = "Macdonald, G",
  journal  = "Trop. Dis. Bull.",
  volume   =  49,
  number   =  6,
  pages    = "569--586",
  month    =  jun,
  year     =  1952,
  language = "en"
}

@ARTICLE{Tessema2019-cu,
  title     = "{Using parasite genetic and human mobility data to infer local
               and cross-border malaria connectivity in Southern Africa}",
  author    = "Tessema, Sofonias and Wesolowski, Amy and Chen, Anna and Murphy,
               Maxwell and Wilheim, Jordan and Mupiri, Anna-Rosa and
               Ruktanonchai, Nick W and Alegana, Victor A and Tatem, Andrew J
               and Tambo, Munyaradzi and Didier, Bradley and Cohen, Justin M
               and Bennett, Adam and Sturrock, Hugh Jw and Gosling, Roland and
               Hsiang, Michelle S and Smith, David L and Mumbengegwi, Davis R
               and Smith, Jennifer L and Greenhouse, Bryan",
  journal   = "Elife",
  publisher = "eLife Sciences Publications, Ltd",
  volume    =  8,
  pages     = "e43510",
  month     =  apr,
  year      =  2019,
  language  = "en"
}

@ARTICLE{Lotka1923-qe,
  title     = "Contribution to the analysis of malaria epidemiology. {III}.
               Numerical part",
  author    = "Lotka, Alfred J",
  journal   = "Am. J. Epidemiol.",
  publisher = "Narnia",
  volume    =  3,
  number    = "supp1",
  pages     = "55--95",
  month     =  jan,
  year      =  1923,
  language  = "English"
}

@ARTICLE{MalERA_Refresh_Consultative_Panel_on_Combination_Interventions_and_Modelling2017-aa,
  title     = "{{malERA}: An updated research agenda for combination
               interventions and modelling in malaria elimination and
               eradication}",
  author    = "{malERA Refresh Consultative Panel on Combination Interventions
               and Modelling}",
  journal   = "PLoS Med.",
  publisher = "Public Library of Science",
  volume    =  14,
  number    =  11,
  pages     = "e1002453",
  month     =  nov,
  year      =  2017,
  language  = "en"
}

@ARTICLE{Macdonald1953-zy,
  title    = "The analysis of malaria epidemics",
  author   = "Macdonald, G",
  journal  = "Trop. Dis. Bull.",
  volume   =  50,
  number   =  10,
  pages    = "871--889",
  month    =  oct,
  year     =  1953,
  language = "en"
}

@ARTICLE{Hartley2003-ui,
  title    = "{Uncertainty in {SARS} epidemiology}",
  author   = "Hartley, D M and Smith, D L",
  journal  = "Lancet",
  volume   =  362,
  number   =  9378,
  pages    = "170--171",
  month    =  jul,
  year     =  2003,
  language = "en"
}

@ARTICLE{Mukandavire2013-fa,
  title    = "Cholera in Haiti: reproductive numbers and vaccination coverage
              estimates",
  author   = "Mukandavire, Zindoga and Smith, David L and Morris, Jr, J Glenn",
  journal  = "Sci. Rep.",
  volume   =  3,
  pages    = "997",
  month    =  jan,
  year     =  2013,
  language = "en"
}

@ARTICLE{Hay2013-jx,
  title    = "Global mapping of infectious disease",
  author   = "Hay, Simon I and Battle, Katherine E and Pigott, David M and
              Smith, David L and Moyes, Catherine L and Bhatt, Samir and
              Brownstein, John S and Collier, Nigel and Myers, Monica F and
              George, Dylan B and Gething, Peter W",
  journal  = "Philos. Trans. R. Soc. Lond. B Biol. Sci.",
  volume   =  368,
  number   =  1614,
  pages    = "20120250",
  month    =  mar,
  year     =  2013,
  language = "en"
}

@ARTICLE{Kilama2014-nv,
  title    = "Estimating the annual entomological inoculation rate for
              \textit{Plasmodium falciparum} transmitted by \textit{Anopheles
              gambiae} s.l. using three sampling methods in three sites in
              Uganda",
  author   = "Kilama, Maxwell and Smith, David L and Hutchinson, Robert and
              Kigozi, Ruth and Yeka, Adoke and Lavoy, Geoff and Kamya, Moses R
              and Staedke, Sarah G and Donnelly, Martin J and Drakeley, Chris
              and Greenhouse, Bryan and Dorsey, Grant and Lindsay, Steve W",
  journal  = "Malar. J.",
  volume   =  13,
  pages    = "111",
  month    =  mar,
  year     =  2014,
  language = "en"
}

@ARTICLE{Battle2015-un,
  title    = "Defining the relationship between \textit{Plasmodium vivax}
              parasite rate and clinical disease",
  author   = "Battle, Katherine E and Cameron, Ewan and Guerra, Carlos A and
              Golding, Nick and Duda, Kirsten A and Howes, Rosalind E and
              Elyazar, Iqbal R F and Price, Ric N and Baird, J Kevin and
              Reiner, Jr, Robert C and Smith, David L and Gething, Peter W and
              Hay, Simon I",
  journal  = "Malar. J.",
  volume   =  14,
  pages    = "191",
  month    =  may,
  year     =  2015,
  language = "en"
}

@ARTICLE{Wesolowski2012-ao,
  title    = "Quantifying the impact of human mobility on malaria",
  author   = "Wesolowski, Amy and Eagle, Nathan and Tatem, Andrew J and Smith,
              David L and Noor, Abdisalan M and Snow, Robert W and Buckee,
              Caroline O",
  journal  = "Science",
  volume   =  338,
  number   =  6104,
  pages    = "267--270",
  month    =  oct,
  year     =  2012,
  language = "en"
}

@ARTICLE{Kraemer2019-vt,
  title     = "{Utilizing general human movement models to predict the spread
               of emerging infectious diseases in resource poor settings}",
  author    = "Kraemer, M U G and Golding, N and Bisanzio, D and Bhatt, S and
               Pigott, D M and Ray, S E and Brady, O J and Brownstein, J S and
               Faria, N R and Cummings, D A T and Pybus, O G and Smith, D L and
               Tatem, A J and Hay, S I and Reiner, Jr, R C",
  journal   = "Sci. Rep.",
  publisher = "Nature Publishing Group",
  volume    =  9,
  number    =  1,
  pages     = "5151",
  month     =  mar,
  year      =  2019,
  language  = "en"
}

@ARTICLE{Johnston2014-dz,
  title    = "Modeling within-host effects of drugs on \textit{Plasmodium
              falciparum} transmission and prospects for malaria elimination",
  author   = "Johnston, Geoffrey L and Gething, Peter W and Hay, Simon I and
              Smith, David L and Fidock, David A",
  journal  = "PLoS Comput. Biol.",
  volume   =  10,
  number   =  1,
  pages    = "e1003434",
  month    =  jan,
  year     =  2014,
  language = "en"
}

@BOOK{Chitnis2010-nh,
  title     = "{Mathematical modelling to support malaria control and
               elimination}",
  author    = "Chitnis, Nakul and Schapira, Allan and Smith, David L and Smith,
               Thomas A and Hay, Simon I and Steketee, Richard",
  publisher = "World Health Organization",
  series    = "Progress \& Impact Series",
  month     =  oct,
  year      =  2010,
  address   = "Geneva, Switzerland"
}

@ARTICLE{Lotka1923-cz,
  title     = "Contribution to the Analysis of Malaria Epidemiology. I. General
               Part",
  author    = "Lotka, Alfred J and {Others}",
  journal   = "Am. J. Hyg.",
  publisher = "Baltimore.",
  volume    =  3,
  number    = "Supp",
  pages     = "1--37",
  year      =  1923
}

@ARTICLE{Helb2015-na,
  title    = "{Novel serologic biomarkers provide accurate estimates of recent
              \emph{Plasmodium falciparum} exposure for individuals and
              communities}",
  author   = "Helb, Danica A and Tetteh, Kevin K A and Felgner, Philip L and
              Skinner, Jeff and Hubbard, Alan and Arinaitwe, Emmanuel and
              Mayanja-Kizza, Harriet and Ssewanyana, Isaac and Kamya, Moses R
              and Beeson, James G and Tappero, Jordan and Smith, David L and
              Crompton, Peter D and Rosenthal, Philip J and Dorsey, Grant and
              Drakeley, Christopher J and Greenhouse, Bryan",
  journal  = "Proc. Natl. Acad. Sci. U. S. A.",
  volume   =  112,
  number   =  32,
  pages    = "E4438--47",
  month    =  aug,
  year     =  2015,
  language = "en"
}

@ARTICLE{Dwyer-Lindgren2019-jq,
  title     = "{Mapping {HIV} prevalence in sub-Saharan Africa between 2000 and
               2017}",
  author    = "Dwyer-Lindgren, Laura and Cork, Michael A and Sligar, Amber and
               Steuben, Krista M and Wilson, Kate F and Provost, Naomi R and
               Mayala, Benjamin K and VanderHeide, John D and Collison, Michael
               L and Hall, Jason B and Biehl, Molly H and Carter, Austin and
               Frank, Tahvi and Douwes-Schultz, Dirk and Burstein, Roy and
               Casey, Daniel C and Deshpande, Aniruddha and Earl, Lucas and El
               Bcheraoui, Charbel and Farag, Tamer H and Henry, Nathaniel J and
               Kinyoki, Damaris and Marczak, Laurie B and Nixon, Molly R and
               Osgood-Zimmerman, Aaron and Pigott, David and Reiner, Jr, Robert
               C and Ross, Jennifer M and Schaeffer, Lauren E and Smith, David
               L and Davis Weaver, Nicole and Wiens, Kirsten E and Eaton,
               Jeffrey W and Justman, Jessica E and Opio, Alex and Sartorius,
               Benn and Tanser, Frank and Wabiri, Njeri and Piot, Peter and
               Murray, Christopher J L and Hay, Simon I",
  journal   = "Nature",
  publisher = "Nature Publishing Group",
  volume    =  570,
  number    =  7760,
  pages     = "189--193",
  month     =  jun,
  year      =  2019,
  language  = "en"
}

@ARTICLE{Greenhouse2015-da,
  title    = "{Malaria genotyping for epidemiologic surveillance}",
  author   = "Greenhouse, Bryan and Smith, David L",
  journal  = "Proc. Natl. Acad. Sci. U. S. A.",
  volume   =  112,
  number   =  22,
  pages    = "6782--6783",
  month    =  jun,
  year     =  2015,
  language = "en"
}

@ARTICLE{GBD_2017_Influenza_Collaborators2019-bl,
  title     = "{Mortality, morbidity, and hospitalisations due to influenza
               lower respiratory tract infections, 2017: an analysis for the
               Global Burden of Disease Study 2017}",
  author    = "{GBD 2017 Influenza Collaborators}",
  journal   = "Lancet Respir Med",
  publisher = "Elsevier",
  volume    =  7,
  number    =  1,
  pages     = "69--89",
  month     =  jan,
  year      =  2019,
  language  = "en"
}

@ARTICLE{Tatem2010-eu,
  title    = "International population movements and regional
              \textit{Plasmodium falciparum} malaria elimination strategies",
  author   = "Tatem, Andrew J and Smith, David L",
  journal  = "Proc. Natl. Acad. Sci. U. S. A.",
  volume   =  107,
  number   =  27,
  pages    = "12222--12227",
  month    =  jul,
  year     =  2010,
  language = "en"
}

@ARTICLE{Russell2006-qb,
  title    = "{Spatial control of rabies on heterogeneous landscapes}",
  author   = "Russell, Colin A and Real, Leslie A and Smith, David L",
  journal  = "PLoS One",
  volume   =  1,
  number   =  1,
  pages    = "e27",
  month    =  dec,
  year     =  2006,
  language = "en"
}

@ARTICLE{Elliott2019-fg,
  title     = "{Synergy and timing: a concurrent mass medical campaign
               predicted to augment indoor residual spraying for malaria}",
  author    = "Elliott, Richard C and Smith, David L and Echodu, Dorothy C",
  journal   = "Malar. J.",
  publisher = "BioMed Central",
  volume    =  18,
  number    =  1,
  pages     = "160",
  month     =  may,
  year      =  2019,
  language  = "en"
}

@ARTICLE{Smith2003-jx,
  title    = "{Assessing risks for a pre-emergent pathogen: virginiamycin use
              and the emergence of streptogramin resistance in\emph{
              Enterococcus faecium}}",
  author   = "Smith, D L and Johnson, J A and Harris, A D and Furuno, J P and
              Perencevich, E N and Morris, Jr, J G",
  journal  = "Lancet Infect. Dis.",
  volume   =  3,
  number   =  4,
  pages    = "241--249",
  month    =  apr,
  year     =  2003,
  language = "en"
}

@ARTICLE{Smith2013-ra,
  title    = "{A sticky situation: the unexpected stability of malaria
              elimination}",
  author   = "Smith, David L and Cohen, Justin M and Chiyaka, Christinah and
              Johnston, Geoffrey and Gething, Peter W and Gosling, Roly and
              Buckee, Caroline O and Laxminarayan, Ramanan and Hay, Simon I and
              Tatem, Andrew J",
  journal  = "Philos. Trans. R. Soc. Lond. B Biol. Sci.",
  volume   =  368,
  number   =  1623,
  pages    = "20120145",
  month    =  aug,
  year     =  2013,
  language = "en"
}

@ARTICLE{Macdonald1955-jm,
  title    = "{A new approach to the epidemiology of malaria}",
  author   = "Macdonald, G",
  journal  = "Indian J. Malariol.",
  volume   =  9,
  number   =  4,
  pages    = "261--270",
  month    =  dec,
  year     =  1955,
  language = "en"
}

@INCOLLECTION{Smith2009-wk,
  title     = "{Measuring malaria for elimination}",
  booktitle = "Shrinking the Malaria Map",
  author    = "Smith, David L and Smith, Thomas A and Hay, Simon I",
  editor    = "Feachem, Richard G A and Phillips, Allison A and Targett,
               Geoffrey A T",
  publisher = "University of California, San Francisco",
  pages     = "108--126",
  chapter   =  7,
  month     =  apr,
  year      =  2009,
  address   = "San Francisco, CA"
}

@ARTICLE{Reiner2018-si,
  title    = "Variation in childhood diarrheal morbidity and mortality in
              Africa, 2000-2015",
  author   = "Reiner, Jr, Robert C and Graetz, Nicholas and Casey, Daniel C and
              Troeger, Christopher and Garcia, Gregory M and Mosser, Jonathan F
              and Deshpande, Aniruddha and Swartz, Scott J and Ray, Sarah E and
              Blacker, Brigette F and Rao, Puja C and Osgood-Zimmerman, Aaron
              and Burstein, Roy and Pigott, David M and Davis, Ian M and
              Letourneau, Ian D and Earl, Lucas and Ross, Jennifer M and
              Khalil, Ibrahim A and Farag, Tamer H and Brady, Oliver J and
              Kraemer, Moritz U G and Smith, David L and Bhatt, Samir and
              Weiss, Daniel J and Gething, Peter W and Kassebaum, Nicholas J
              and Mokdad, Ali H and Murray, Christopher J L and Hay, Simon I",
  journal  = "N. Engl. J. Med.",
  volume   =  379,
  number   =  12,
  pages    = "1128--1138",
  month    =  sep,
  year     =  2018,
  language = "en"
}

@ARTICLE{Smith2005-gr,
  title    = "{Strategic interactions in multi-institutional epidemics of
              antibiotic resistance}",
  author   = "Smith, David L and Levin, Simon A and Laxminarayan, Ramanan",
  journal  = "Proc. Natl. Acad. Sci. U. S. A.",
  volume   =  102,
  number   =  8,
  pages    = "3153--3158",
  month    =  feb,
  year     =  2005,
  language = "en"
}

@ARTICLE{Kang2018-ak,
  title    = "{Heterogeneous exposure and hotspots for malaria vectors at three
              study sites in Uganda}",
  author   = "Kang, Su Yun and Battle, Katherine E and Gibson, Harry S and
              Cooper, Laura V and Maxwell, Kilama and Kamya, Moses and Lindsay,
              Steven W and Dorsey, Grant and Greenhouse, Bryan and
              Rodriguez-Barraquer, Isabel and Reiner, Robert C Jr and Smith,
              David L and Bisanzio, Donal",
  journal  = "Gates Open Res",
  volume   =  2,
  pages    = "32",
  month    =  nov,
  year     =  2018,
  language = "en"
}

@ARTICLE{Battle2014-ch,
  title    = "Geographical variation in \textit{Plasmodium vivax} relapse",
  author   = "Battle, Katherine E and Karhunen, Markku S and Bhatt, Samir and
              Gething, Peter W and Howes, Rosalind E and Golding, Nick and Van
              Boeckel, Thomas P and Messina, Jane P and Shanks, G Dennis and
              Smith, David L and Baird, J Kevin and Hay, Simon I",
  journal  = "Malar. J.",
  volume   =  13,
  pages    = "144",
  month    =  apr,
  year     =  2014,
  language = "en"
}

@ARTICLE{Klein2007-ub,
  title    = "{Hospitalizations and deaths caused by methicillin-resistant
              \emph{Staphylococcus aureus}, United States, 1999-2005}",
  author   = "Klein, Eili and Smith, David L and Laxminarayan, Ramanan",
  journal  = "Emerg. Infect. Dis.",
  volume   =  13,
  number   =  12,
  pages    = "1840--1846",
  month    =  dec,
  year     =  2007,
  language = "en"
}

@UNPUBLISHED{Smith2002-xz,
  title  = "{Does the use of virginiamycin for animal growth promotion affect
            the efficacy of quinupristin/dalfopristin? A qualitative assessment
            from households to hospitals}",
  author = "Smith, David L and Johnson, Judith A and Harris, Anthony D and
            Furuno, Jon P and Perencevich, Eli N and Morris, J Glenn Jr",
  month  =  jun,
  year   =  2002
}

@ARTICLE{Kraemer2015-au,
  title     = "{The global distribution of the arbovirus vectors \textit{Aedes
               aegypti} and \textit{Ae. albopictus}}",
  author    = "Kraemer, Moritz U G and Sinka, Marianne E and Duda, Kirsten A
               and Mylne, Adrian Q N and Shearer, Freya M and Barker,
               Christopher M and Moore, Chester G and Carvalho, Roberta G and
               Coelho, Giovanini E and Van Bortel, Wim and Hendrickx, Guy and
               Schaffner, Francis and Elyazar, Iqbal R F and Teng, Hwa-Jen and
               Brady, Oliver J and Messina, Jane P and Pigott, David M and
               Scott, Thomas W and Smith, David L and Wint, G R William and
               Golding, Nick and Hay, Simon I",
  journal   = "Elife",
  publisher = "eLife Sciences Publications, Ltd",
  volume    =  4,
  pages     = "e08347",
  month     =  jun,
  year      =  2015,
  language  = "en"
}

@ARTICLE{Brady2017-ih,
  title    = "Model citizen - Authors' reply",
  author   = "Brady, Oliver J and Slater, Hannah C and Pemberton-Ross, Peter
              and Wenger, Edward and Maude, Richard J and Ghani, Azra C and
              Penny, Melissa A and Gerardin, Jaline and White, Lisa J and
              Chitnis, Nakul and Aguas, Ricardo and Hay, Simon I and Smith,
              David L and Stuckey, Erin M and Okiro, Emelda A and Smith, Thomas
              A and Okell, Lucy C",
  journal  = "The Lancet, Global Health",
  volume   =  5,
  number   =  10,
  pages    = "e974",
  month    =  oct,
  year     =  2017,
  language = "en"
}

@ARTICLE{Garg2003-om,
  title    = "{Molecular epidemiology of {O139} \emph{Vibrio cholerae}:
              mutation, lateral gene transfer, and founder flush}",
  author   = "Garg, Pallavi and Aydanian, Antonia and Smith, David and J Glenn,
              Jr, Morris and Nair, G Balakrish and Stine, O Colin",
  journal  = "Emerg. Infect. Dis.",
  volume   =  9,
  number   =  7,
  pages    = "810--814",
  month    =  jul,
  year     =  2003,
  language = "en"
}

@ARTICLE{Cohen2010-jj,
  title    = "How absolute is zero? An evaluation of historical and current
              definitions of malaria elimination",
  author   = "Cohen, Justin M and Moonen, Bruno and Snow, Robert W and Smith,
              David L",
  journal  = "Malar. J.",
  volume   =  9,
  pages    = "213",
  month    =  jul,
  year     =  2010,
  language = "en"
}

@ARTICLE{Kraemer2016-nj,
  title     = "Progress and Challenges in Infectious Disease Cartography",
  author    = "Kraemer, Moritz U G and Hay, Simon I and Pigott, David M and
               Smith, David L and Wint, G R William and Golding, Nick",
  journal   = "Trends Parasitol.",
  publisher = "Elsevier Ltd",
  volume    =  32,
  number    =  1,
  pages     = "19--29",
  month     =  jan,
  year      =  2016,
  language  = "en"
}

@ARTICLE{Macdonald1951-qm,
  title    = "{Community aspects of immunity to malaria}",
  author   = "Macdonald, G",
  journal  = "Br. Med. Bull.",
  volume   =  8,
  number   =  1,
  pages    = "33--36",
  year     =  1951,
  language = "en"
}

@ARTICLE{Kelly-Hope2007-ao,
  title    = "Geographical distribution and risk factors associated with
              enteric diseases in Vietnam",
  author   = "Kelly-Hope, Louise A and Alonso, Wladimir J and Thiem, Vu Dinh
              and Anh, Dang Duc and Canh, Do Gia and Lee, Hyejon and Smith,
              David L and Miller, Mark A",
  journal  = "Am. J. Trop. Med. Hyg.",
  volume   =  76,
  number   =  4,
  pages    = "706--712",
  month    =  apr,
  year     =  2007,
  language = "en"
}

@ARTICLE{Smith2010-mt,
  title     = "{A quantitative analysis of transmission efficiency versus
               intensity for malaria}",
  author    = "Smith, David L and Drakeley, Chris J and Chiyaka, Christinah and
               Hay, Simon I",
  journal   = "Nat. Commun.",
  publisher = "The Author(s) SN -",
  volume    =  1,
  number    =  8,
  pages     = "108",
  month     =  nov,
  year      =  2010,
  language  = "en"
}

@ARTICLE{Wiebe2017-sq,
  title     = "Geographical distributions of African malaria vector sibling
               species and evidence for insecticide resistance",
  author    = "Wiebe, Antoinette and Longbottom, Joshua and Gleave, Katherine
               and Shearer, Freya M and Sinka, Marianne E and Massey, N Claire
               and Cameron, Ewan and Bhatt, Samir and Gething, Peter W and
               Hemingway, Janet and Smith, David L and Coleman, Michael and
               Moyes, Catherine L",
  journal   = "Malar. J.",
  publisher = "BioMed Central",
  volume    =  16,
  number    =  1,
  pages     = "85",
  month     =  feb,
  year      =  2017,
  language  = "en"
}

@INCOLLECTION{Smith2005-oq,
  title     = "Spatial heterogeneity in infectious disease epidemics",
  booktitle = "Ecosystem Function in Heterogeneous Landscapes",
  author    = "Smith, David L",
  editor    = "Lovett, Gary M and Turner, Monica G and Jones, Clive G and
               Weathers, Kathleen C",
  publisher = "Springer Science \& Business Media",
  pages     = "137--164",
  month     =  dec,
  year      =  2005,
  address   = "New York, NY"
}

@ARTICLE{Pindolia2013-iq,
  title    = "The demographics of human and malaria movement and migration
              patterns in East Africa",
  author   = "Pindolia, Deepa K and Garcia, Andres J and Huang, Zhuojie and
              Smith, David L and Alegana, Victor A and Noor, Abdisalan M and
              Snow, Robert W and Tatem, Andrew J",
  journal  = "Malar. J.",
  volume   =  12,
  pages    = "397",
  month    =  nov,
  year     =  2013,
  language = "en"
}

@ARTICLE{Moonen2010-mp,
  title    = "A framework for assessing the feasibility of malaria elimination",
  author   = "Moonen, Bruno and Cohen, Justin M and Tatem, Andy J and Cohen,
              Jessica and Hay, Simon I and Sabot, Oliver and Smith, David L",
  journal  = "Malar. J.",
  volume   =  9,
  pages    = "322",
  month    =  nov,
  year     =  2010,
  language = "en"
}

@ARTICLE{Brady2013-ce,
  title    = "Modelling adult \textit{Aedes aegypti} and \textit{Aedes
              albopictus} survival at different temperatures in laboratory and
              field settings",
  author   = "Brady, Oliver J and Johansson, Michael A and Guerra, Carlos A and
              Bhatt, Samir and Golding, Nick and Pigott, David M and Delatte,
              H{\'e}l{\`e}ne and Grech, Marta G and Leisnham, Paul T and
              Maciel-de-Freitas, Rafael and Styer, Linda M and Smith, David L
              and Scott, Thomas W and Gething, Peter W and Hay, Simon I",
  journal  = "Parasit. Vectors",
  volume   =  6,
  pages    = "351",
  month    =  dec,
  year     =  2013,
  language = "en"
}

@TECHREPORT{Laxminarayan2008-au,
  title  = "{Impact of Malaria Control on the Demand for {ACTs}}",
  author = "Laxminarayan, Ramanan and Klein, E and Smith, David L",
  year   =  2008
}

@ARTICLE{Boni2008-bu,
  title    = "Benefits of using multiple first-line therapies against malaria",
  author   = "Boni, Maciej F and Smith, David L and Laxminarayan, Ramanan",
  journal  = "Proc. Natl. Acad. Sci. U. S. A.",
  volume   =  105,
  number   =  37,
  pages    = "14216--14221",
  month    =  sep,
  year     =  2008,
  language = "en"
}

@ARTICLE{Klein2007-cd,
  title     = "{Economic incentives and mathematical models of disease}",
  author    = "Klein, Eili and Laxminarayan, Ramanan and Smith, David L and
               Gilligan, Christopher A",
  journal   = "Environ. Dev. Econ.",
  publisher = "Cambridge Univ Press",
  volume    =  12,
  number    =  5,
  pages     = "707--732",
  month     =  oct,
  year      =  2007
}

@ARTICLE{Osgood-Zimmerman2018-ne,
  title    = "Mapping child growth failure in Africa between 2000 and 2015",
  author   = "Osgood-Zimmerman, Aaron and Millear, Anoushka I and Stubbs,
              Rebecca W and Shields, Chloe and Pickering, Brandon V and Earl,
              Lucas and Graetz, Nicholas and Kinyoki, Damaris K and Ray, Sarah
              E and Bhatt, Samir and Browne, Annie J and Burstein, Roy and
              Cameron, Ewan and Casey, Daniel C and Deshpande, Aniruddha and
              Fullman, Nancy and Gething, Peter W and Gibson, Harry S and
              Henry, Nathaniel J and Herrero, Mario and Krause, L Kendall and
              Letourneau, Ian D and Levine, Aubrey J and Liu, Patrick Y and
              Longbottom, Joshua and Mayala, Benjamin K and Mosser, Jonathan F
              and Noor, Abdisalan M and Pigott, David M and Piwoz, Ellen G and
              Rao, Puja and Rawat, Rahul and Reiner, Robert C and Smith, David
              L and Weiss, Daniel J and Wiens, Kirsten E and Mokdad, Ali H and
              Lim, Stephen S and Murray, Christopher J L and Kassebaum,
              Nicholas J and Hay, Simon I",
  journal  = "Nature",
  volume   =  555,
  number   =  7694,
  pages    = "41--47",
  month    =  feb,
  year     =  2018,
  language = "en"
}

@ARTICLE{Ruktanonchai2014-sq,
  title     = "{Selection of interdependent choice of 2 complementary
               resources}",
  author    = "Ruktanonchai, Nick W and Smith, David L and St Mary, Colette M",
  journal   = "Behav. Ecol.",
  publisher = "Narnia",
  volume    =  25,
  number    =  1,
  pages     = "35--43",
  month     =  jan,
  year      =  2014
}

@ARTICLE{Smith2003-ef,
  title     = "Epidemiological patterns at multiple spatial scales: an 11-year
               study of a \textit{Triphragmium ulmariae} - \textit{Filipendula
               ulmaria} metapopulation : Structured and hierarchical pathogen
               metapopulations",
  author    = "Smith, David L and Ericson, Lars and Burdon, Jeremy J",
  journal   = "J. Ecol.",
  publisher = "John Wiley \& Sons, Ltd (10.1111)",
  volume    =  91,
  number    =  5,
  pages     = "890--903",
  month     =  oct,
  year      =  2003,
  language  = "English"
}

@ARTICLE{Reiner2015-ii,
  title    = "{Seasonality of \emph{Plasmodium falciparum} transmission: a
              systematic review}",
  author   = "Reiner, Jr, Robert C and Geary, Matthew and Atkinson, Peter M and
              Smith, David L and Gething, Peter W",
  journal  = "Malar. J.",
  volume   =  14,
  pages    = "343",
  month    =  sep,
  year     =  2015,
  language = "en"
}

@ARTICLE{Searle2017-cq,
  title     = "{Characterizing and quantifying human movement patterns using
               {GPS} data loggers in an area approaching malaria elimination in
               rural southern Zambia}",
  author    = "Searle, Kelly M and Lubinda, Jailos and Hamapumbu, Harry and
               Shields, Timothy M and Curriero, Frank C and Smith, David L and
               Thuma, Philip E and Moss, William J",
  journal   = "R Soc Open Sci",
  publisher = "The Royal Society",
  volume    =  4,
  number    =  5,
  pages     = "170046",
  month     =  may,
  year      =  2017,
  language  = "en"
}

@TECHREPORT{Laxminarayan2008-kg,
  title       = "{Transnational Malaria Control and Financing}",
  author      = "Laxminarayan, Ramanan and Smith, David L",
  publisher   = "World Bank",
  institution = "World Bank",
  month       =  jul,
  year        =  2008
}

@ARTICLE{Takala2007-xn,
  title    = "Short report: rare \textit{Plasmodium falciparum} merozoite
              surface protein 1 19-kda (msp-1$_{19}$) haplotypes identified in
              Mali using high-throughput genotyping methods",
  author   = "Takala, Shannon L and Smith, David L and Thera, Mahamadou A and
              Coulibaly, Drissa and Doumbo, Ogobara K and Plowe, Christopher V",
  journal  = "Am. J. Trop. Med. Hyg.",
  volume   =  76,
  number   =  5,
  pages    = "855--859",
  month    =  may,
  year     =  2007,
  language = "en"
}

@ARTICLE{Eckhoff2015-af,
  title     = "{From puddles to planet: modeling approaches to vector-borne
               diseases at varying resolution and scale}",
  author    = "Eckhoff, Philip A and Bever, Caitlin A and Gerardin, Jaline and
               Wenger, Edward A and Smith, David L",
  journal   = "Curr Opin Insect Sci",
  publisher = "Elsevier Inc",
  volume    =  10,
  pages     = "118--123",
  month     =  aug,
  year      =  2015,
  language  = "en"
}

@ARTICLE{Laxminarayan2005-mg,
  title    = "On the importance of incentives in hospital infection control
              spending",
  author   = "Laxminarayan, Ramanan and Smith, David L and Real, Leslie A and
              Levin, Simon A",
  journal  = "Discov. Med.",
  volume   =  5,
  number   =  27,
  pages    = "303--308",
  month    =  jun,
  year     =  2005,
  language = "en"
}

@ARTICLE{Russell2014-sq,
  title    = "Improving pandemic influenza risk assessment",
  author   = "Russell, Colin A and Kasson, Peter M and Donis, Ruben O and
              Riley, Steven and Dunbar, John and Rambaut, Andrew and Asher,
              Jason and Burke, Stephen and Davis, C Todd and Garten, Rebecca J
              and Gnanakaran, Sandrasegaram and Hay, Simon I and Herfst, Sander
              and Lewis, Nicola S and Lloyd-Smith, James O and Macken,
              Catherine A and Maurer-Stroh, Sebastian and Neuhaus, Elizabeth
              and Parrish, Colin R and Pepin, Kim M and Shepard, Samuel S and
              Smith, David L and Suarez, David L and Trock, Susan C and
              Widdowson, Marc-Alain and George, Dylan B and Lipsitch, Marc and
              Bloom, Jesse D",
  journal  = "Elife",
  volume   =  3,
  pages    = "e03883",
  month    =  oct,
  year     =  2014,
  language = "en"
}

@BOOK{World_Health_Organization2012-zy,
  title  = "{Community-based reduction of malaria transmission}",
  author = "{World Health Organization}",
  year   =  2012
}

@ARTICLE{Kouyos2014-lg,
  title     = "{The path of least resistance: aggressive or moderate
               treatment?}",
  author    = "Kouyos, Roger D and Metcalf, C Jessica E and Birger, Ruthie and
               Klein, Eili Y and Abel zur Wiesch, Pia and Ankomah, Peter and
               Arinaminpathy, Nimalan and Bogich, Tiffany L and Bonhoeffer,
               Sebastian and Brower, Charles and Chi-Johnston, Geoffrey and
               Cohen, Ted and Day, Troy and Greenhouse, Bryan and Huijben,
               Silvie and Metlay, Joshua and Mideo, Nicole and Pollitt, Laura C
               and Read, Andrew F and Smith, David L and Standley, Claire and
               Wale, Nina and Grenfell, Bryan",
  journal   = "Proc. Biol. Sci.",
  publisher = "The Royal Society",
  volume    =  281,
  number    =  1794,
  pages     = "20140566",
  month     =  nov,
  year      =  2014,
  language  = "en"
}

@ARTICLE{Singh2003-sz,
  title     = "Microbial diversity of biofilms in dental unit water systems",
  author    = "Singh, Ruby and Stine, O Colin and Smith, David L and
               Spitznagel, Jr, John K and Labib, Mohamed E and Williams, Henry
               N",
  journal   = "Appl. Environ. Microbiol.",
  publisher = "Am Soc Microbiol",
  volume    =  69,
  number    =  6,
  pages     = "3412--3420",
  month     =  jun,
  year      =  2003,
  language  = "en"
}

@ARTICLE{Weiss2014-ug,
  title    = "Air temperature suitability for \textit{Plasmodium falciparum}
              malaria transmission in Africa 2000-2012: a high-resolution
              spatiotemporal prediction",
  author   = "Weiss, Daniel J and Bhatt, Samir and Mappin, Bonnie and Van
              Boeckel, Thomas P and Smith, David L and Hay, Simon I and
              Gething, Peter W",
  journal  = "Malar. J.",
  volume   =  13,
  pages    = "171",
  month    =  may,
  year     =  2014,
  language = "en"
}

@ARTICLE{Bejon2014-rc,
  title     = "A micro-epidemiological analysis of febrile malaria in Coastal
               Kenya showing hotspots within hotspots",
  author    = "Bejon, Philip and Williams, Thomas N and Nyundo, Christopher and
               Hay, Simon I and Benz, David and Gething, Peter W and Otiende,
               Mark and Peshu, Judy and Bashraheil, Mahfudh and Greenhouse,
               Bryan and Bousema, Teun and Bauni, Evasius and Marsh, Kevin and
               Smith, David L and Borrmann, Steffen",
  journal   = "Elife",
  publisher = "eLife Sciences Publications Limited",
  volume    =  3,
  number    = "2-3",
  pages     = "e02130",
  month     =  apr,
  year      =  2014,
  language  = "en"
}

@ARTICLE{Kelly2004-lh,
  title    = "Animal growth promoters: to ban or not to ban? A risk assessment
              approach",
  author   = "Kelly, L and Smith, D L and Snary, E L and Johnson, J A and
              Harris, A D and Wooldridge, M and Morris, Jr, J G",
  journal  = "Int. J. Antimicrob. Agents",
  volume   =  24,
  number   =  3,
  pages    = "205--212",
  month    =  sep,
  year     =  2004,
  language = "en"
}

@ARTICLE{Viboud2006-so,
  title    = "{Synchrony, waves, and spatial hierarchies in the spread of
              influenza}",
  author   = "Viboud, C{\'e}cile and Bj{\o}rnstad, Ottar N and Smith, David L
              and Simonsen, Lone and Miller, Mark A and Grenfell, Bryan T",
  journal  = "Science",
  volume   =  312,
  number   =  5772,
  pages    = "447--451",
  month    =  apr,
  year     =  2006,
  language = "en"
}

@ARTICLE{Russell2005-hg,
  title    = "{Predictive spatial dynamics and strategic planning for raccoon
              rabies emergence in Ohio}",
  author   = "Russell, Colin A and Smith, David L and Childs, James E and Real,
              Leslie A",
  journal  = "PLoS Biol.",
  volume   =  3,
  number   =  3,
  pages    = "e88",
  month    =  mar,
  year     =  2005,
  language = "en"
}

@ARTICLE{Smith2006-ps,
  title     = "{Dynamics and control of antibiotic resistance in structured
               metapopulations}",
  author    = "Smith, David L and Boni, Maciej F and Laxminarayan, Ramanan",
  journal   = "DIMACS Ser. Discrete Math. Theoret. Comput. Sci.",
  publisher = "American Mathematical Society",
  volume    =  71,
  pages     = "213",
  year      =  2006
}

@ARTICLE{Ruktanonchai2016-xw,
  title    = "Identifying malaria transmission foci for elimination using human
              mobility data",
  author   = "Ruktanonchai, Nick W and DeLeenheer, Patrick and Tatem, Andrew J
              and Alegana, Victor A and Caughlin, T Trevor and Zu
              Erbach-Schoenberg, Elisabeth and Louren{\c c}o, Christopher and
              Ruktanonchai, Corrine W and Smith, David L",
  journal  = "PLoS Comput. Biol.",
  volume   =  12,
  number   =  4,
  pages    = "e1004846",
  month    =  apr,
  year     =  2016,
  language = "en"
}

@ARTICLE{Kamya2015-sp,
  title     = "{Malaria transmission, infection, and disease at three sites
               with varied transmission intensity in Uganda: implications for
               malaria control}",
  author    = "Kamya, Moses R and Arinaitwe, Emmanuel and Wanzira, Humphrey and
               Katureebe, Agaba and Barusya, Chris and Kigozi, Simon P and
               Kilama, Maxwell and Tatem, Andrew J and Rosenthal, Philip J and
               Drakeley, Chris and Lindsay, Steve W and Staedke, Sarah G and
               Smith, David L and Greenhouse, Bryan and Dorsey, Grant",
  journal   = "Am. J. Trop. Med. Hyg.",
  publisher = "American Society of Tropical Medicine and Hygiene",
  volume    =  92,
  number    =  5,
  pages     = "903--912",
  month     =  may,
  year      =  2015,
  language  = "en"
}

@ARTICLE{Mckenzie2006-ey,
  title    = "Gametocytemia in \textit{Plasmodium vivax} and \textit{Plasmodium
              falciparum} infections",
  author   = "Mckenzie, F Ellis and Wongsrichanalai, Chansuda and Magill, Alan
              J and Forney, J Russ and Permpanich, Barnyen and Lucas, Carmen
              and Erhart, Laura M and O'Meara, Wendy P and Smith, David L and
              Sirichaisinthop, Jeeraphat and Gasser, Jr, Robert A",
  journal  = "J. Parasitol.",
  volume   =  92,
  number   =  6,
  pages    = "1281--1285",
  month    =  dec,
  year     =  2006,
  language = "en"
}

@ARTICLE{Takala2007-mu,
  title    = "Dynamics of polymorphism in a malaria vaccine antigen at a
              vaccine-testing site in Mali",
  author   = "Takala, Shannon L and Coulibaly, Drissa and Thera, Mahamadou A
              and Dicko, Alassane and Smith, David L and Guindo, Ando B and
              Kone, Abdoulaye K and Traore, Karim and Ouattara, Amed and
              Djimde, Abdoulaye A and Sehdev, Paul S and Lyke, Kirsten E and
              Diallo, Dapa A and Doumbo, Ogobara K and Plowe, Christopher V",
  journal  = "PLoS Med.",
  volume   =  4,
  number   =  3,
  pages    = "e93",
  month    =  mar,
  year     =  2007,
  language = "en"
}

@ARTICLE{Conn2015-qz,
  title     = "Entomological monitoring and evaluation: diverse transmission
               settings of {ICEMR} projects will require local and regional
               malaria elimination strategies",
  author    = "Conn, Jan E and Norris, Douglas E and Donnelly, Martin J and
               Beebe, Nigel W and Burkot, Thomas R and Coulibaly, Mamadou B and
               Chery, Laura and Eapen, Alex and Keven, John B and Kilama,
               Maxwell and Kumar, Ashwani and Lindsay, Steve W and Moreno,
               Marta and Quinones, Martha and Reimer, Lisa J and Russell, Tanya
               L and Smith, David L and Thomas, Matthew B and Walker, Edward D
               and Wilson, Mark L and Yan, Guiyun",
  journal   = "Am. J. Trop. Med. Hyg.",
  publisher = "American Society of Tropical Medicine and Hygiene",
  volume    =  93,
  number    = "3 Suppl",
  pages     = "28--41",
  month     =  sep,
  year      =  2015,
  language  = "en"
}

@ARTICLE{Laxminarayan2006-pd,
  title    = "{Will a global subsidy of new antimalarials delay the emergence
              of resistance and save lives?}",
  author   = "Laxminarayan, Ramanan and Over, Mead and Smith, David L",
  journal  = "Health Aff.",
  volume   =  25,
  number   =  2,
  pages    = "325--336",
  month    =  mar,
  year     =  2006,
  language = "en"
}

@ARTICLE{Real2005-xf,
  title    = "{Spatial dynamics and molecular ecology of North American rabies}",
  author   = "Real, L A and Russell, C and Waller, L and Smith, D and Childs, J",
  journal  = "J. Hered.",
  volume   =  96,
  number   =  3,
  pages    = "253--260",
  month    =  may,
  year     =  2005,
  language = "en"
}

@ARTICLE{Lotka1923-hb,
  title   = "Contribution to the analysis of malaria epidemiology. V. Summary",
  author  = "Lotka, Alfred J",
  journal = "Am. J. Hyg.",
  volume  =  3,
  pages   = "113--121",
  month   =  jan,
  year    =  1923
}

@ARTICLE{Gething2012-bl,
  title    = "A long neglected world malaria map: \textit{Plasmodium vivax}
              endemicity in 2010",
  author   = "Gething, Peter W and Elyazar, Iqbal R F and Moyes, Catherine L
              and Smith, David L and Battle, Katherine E and Guerra, Carlos A
              and Patil, Anand P and Tatem, Andrew J and Howes, Rosalind E and
              Myers, Monica F and George, Dylan B and Horby, Peter and
              Wertheim, Heiman F L and Price, Ric N and M{\"u}eller, Ivo and
              Baird, J Kevin and Hay, Simon I",
  journal  = "PLoS Negl. Trop. Dis.",
  volume   =  6,
  number   =  9,
  pages    = "e1814",
  month    =  sep,
  year     =  2012,
  language = "en"
}

@ARTICLE{Perkins2013-yt,
  title     = "Heterogeneity, mixing, and the spatial scales of mosquito-borne
               pathogen transmission",
  author    = "Perkins, T Alex and Scott, Thomas W and Le Menach, Arnaud and
               Smith, David L",
  journal   = "PLoS Comput. Biol.",
  publisher = "Public Library of Science",
  volume    =  9,
  number    =  12,
  pages     = "e1003327",
  month     =  dec,
  year      =  2013,
  language  = "en"
}

@ARTICLE{Lotka1912-zd,
  title   = "Quantitative studies in epidemiology",
  author  = "Lotka, Alfred J",
  journal = "Nature",
  volume  =  88,
  number  =  2206,
  pages   = "497--498",
  month   =  feb,
  year    =  1912
}

@ARTICLE{Bolker1997-va,
  title    = "{Individual-based modelling: what is the difference?}",
  author   = "Bolker, B M and Deutschman, D H and Hartvigsen, G and Smith,
              David L",
  journal  = "Trends Ecol. Evol.",
  volume   =  12,
  number   =  3,
  pages    = "111",
  month    =  mar,
  year     =  1997,
  language = "en"
}

@ARTICLE{Sharpe1923-wg,
  title     = "Contribution to the analysis of malaria epidemiology. {IV}.
               Incubation lag",
  author    = "Sharpe, F R and Lotka, Alfred J",
  journal   = "The Golden Age of Theoretical Ecology: 1923",
  publisher = "Springer",
  volume    =  3,
  pages     = "96--112",
  month     =  jan,
  year      =  1923
}

@ARTICLE{Smith2009-lt,
  title    = "{Endemicity response timelines for \emph{Plasmodium falciparum}
              elimination}",
  author   = "Smith, David L and Hay, Simon I",
  journal  = "Malar. J.",
  volume   =  8,
  pages    = "87",
  month    =  apr,
  year     =  2009,
  language = "en"
}

@ARTICLE{Tatem2014-xl,
  title    = "Integrating rapid risk mapping and mobile phone call record data
              for strategic malaria elimination planning",
  author   = "Tatem, Andrew J and Huang, Zhuojie and Narib, Clothilde and
              Kumar, Udayan and Kandula, Deepika and Pindolia, Deepa K and
              Smith, David L and Cohen, Justin M and Graupe, Bonita and Uusiku,
              Petrina and Louren{\c c}o, Christopher",
  journal  = "Malar. J.",
  volume   =  13,
  number   =  1,
  pages    = "52",
  month    =  feb,
  year     =  2014,
  language = "en"
}

@ARTICLE{Kraemer2015-yi,
  title    = "{Big city, small world: density, contact rates, and transmission
              of dengue across Pakistan}",
  author   = "Kraemer, M U G and Perkins, T A and Cummings, D A T and Zakar, R
              and Hay, S I and Smith, D L and Reiner, Jr, R C",
  journal  = "J. R. Soc. Interface",
  volume   =  12,
  number   =  111,
  pages    = "20150468",
  month    =  oct,
  year     =  2015,
  language = "en"
}

@ARTICLE{Lawpoolsri2009-qt,
  title    = "Optimally timing primaquine treatment to reduce
              \textit{Plasmodium falciparum} transmission in low endemicity
              {Thai-Myanmar} border populations",
  author   = "Lawpoolsri, Saranath and Klein, Eili Y and Singhasivanon, Pratap
              and Yimsamran, Surapon and Thanyavanich, Nipon and Maneeboonyang,
              Wanchai and Hungerford, Laura L and Maguire, James H and Smith,
              David L",
  journal  = "Malar. J.",
  volume   =  8,
  pages    = "159",
  month    =  jul,
  year     =  2009,
  language = "en"
}

@ARTICLE{Smith2004-oh,
  title     = "Persistent colonization and the spread of antibiotic resistance
               in nosocomial pathogens: resistance is a regional problem",
  author    = "Smith, David L and Dushoff, Jonathan and Perencevich, Eli N and
               Harris, Anthony D and Levin, Simon A",
  journal   = "Proc. Natl. Acad. Sci. U. S. A.",
  publisher = "National Acad Sciences",
  volume    =  101,
  number    =  10,
  pages     = "3709--3714",
  month     =  mar,
  year      =  2004,
  language  = "en"
}

@ARTICLE{Smith2004-qz,
  title    = "{The risk of a mosquito-borne infection in a heterogeneous
              environment}",
  author   = "Smith, David L and Dushoff, Jonathan and McKenzie, F Ellis",
  journal  = "PLoS Biol.",
  volume   =  2,
  number   =  11,
  pages    = "e368",
  month    =  nov,
  year     =  2004,
  language = "en"
}

@ARTICLE{George2011-zb,
  title     = "{Host and viral ecology determine bat rabies seasonality and
               maintenance}",
  author    = "George, Dylan B and Webb, Colleen T and Farnsworth, Matthew L
               and O'Shea, Thomas J and Bowen, Richard A and Smith, David L and
               Stanley, Thomas R and Ellison, Laura E and Rupprecht, Charles E",
  journal   = "Proc. Natl. Acad. Sci. U. S. A.",
  publisher = "National Acad Sciences",
  volume    =  108,
  number    =  25,
  pages     = "10208--10213",
  month     =  jun,
  year      =  2011,
  language  = "en"
}

@ARTICLE{Lucey2002-li,
  title     = "Spatiotemporal analysis of epizootic raccoon rabies propagation
               in Connecticut, 1991-1995",
  author    = "Lucey, B T and Russell, C A and Smith, D and Wilson, M L and
               Long, A and Waller, L A and Childs, J E and Real, L A",
  journal   = "Vector Borne Zoonotic Dis.",
  publisher = "Mary Ann Liebert, Inc., publishers",
  volume    =  2,
  number    =  2,
  pages     = "77--86",
  year      =  2002,
  language  = "en"
}

@ARTICLE{Perkins2014-as,
  title    = "Theory and data for simulating fine-scale human movement in an
              urban environment",
  author   = "Perkins, T Alex and Garcia, Andres J and Paz-Sold{\'a}n, Valerie
              A and Stoddard, Steven T and Reiner, Jr, Robert C and
              Vazquez-Prokopec, Gonzalo and Bisanzio, Donal and Morrison, Amy C
              and Halsey, Eric S and Kochel, Tadeusz J and Smith, David L and
              Kitron, Uriel and Scott, Thomas W and Tatem, Andrew J",
  journal  = "J. R. Soc. Interface",
  volume   =  11,
  number   =  99,
  month    =  oct,
  year     =  2014,
  language = "en"
}

@ARTICLE{Lotka1923-na,
  title   = "Contribution to the analysis of malaria epidemiology. {II}.
             General part (continued) comparison of two formulae given",
  author  = "Lotka, Alfred J",
  journal = "Am. J. Hyg.",
  volume  =  3,
  pages   = "38--54",
  year    =  1923
}

@ARTICLE{Smith2012-ml,
  title    = "Ross, Macdonald, and a theory for the dynamics and control of
              mosquito-transmitted pathogens",
  author   = "Smith, David L and Battle, Katherine E and Hay, Simon I and
              Barker, Christopher M and Scott, Thomas W and McKenzie, F Ellis",
  journal  = "PLoS Pathog.",
  volume   =  8,
  number   =  4,
  pages    = "e1002588",
  month    =  apr,
  year     =  2012,
  language = "en"
}

@BOOKLET{Belani2009-ee,
  title     = "{Malaria Elimination in Zanzibar: A Feasibility Assessment}",
  author    = "Belani, Aarthi and Ali, Abdullah S and Kaneko, Akira and Holla,
               Alaka and Bjorkman, Anders and Tatem, Andrew J and Spiers, Angus
               and Moonen, Bruno and Smith, David L and Molteni, Fabrizio and
               Cohen, Jessica L and Cohen, Justin M and Straehler-Pohl, Kai and
               Msellem, Mwinyi and Sabot, Oliver J and McElroy, Peter and Njau,
               Ritha and Qiu, Youliang",
  publisher = "UCSF Global Health Sciences",
  month     =  oct,
  year      =  2009,
  address   = "San Francisco, CA"
}

@ARTICLE{Smith2004-if,
  title    = "{Statics and dynamics of malaria infection in \emph{Anopheles
              }mosquitoes}",
  author   = "Smith, David L and McKenzie, F Ellis",
  journal  = "Malar. J.",
  volume   =  3,
  pages    = "13",
  month    =  jun,
  year     =  2004,
  language = "en"
}

@ARTICLE{Tatarsky2011-id,
  title     = "{Preventing the reintroduction of malaria in Mauritius: a
               programmatic and financial assessment}",
  author    = "Tatarsky, Allison and Aboobakar, Shahina and Cohen, Justin M and
               Gopee, Neerunjun and Bheecarry, Ambicadutt and Moonasar,
               Devanand and Phillips, Allison A and Kahn, James G and Moonen,
               Bruno and Smith, David L and Sabot, Oliver",
  journal   = "PLoS One",
  publisher = "Public Library of Science",
  volume    =  6,
  number    =  9,
  pages     = "e23832",
  month     =  sep,
  year      =  2011,
  language  = "en"
}

@ARTICLE{Kamuliwo2013-ib,
  title     = "The changing burden of malaria and association with vector
               control interventions in Zambia using district-level
               surveillance data, 2006-2011",
  author    = "Kamuliwo, Mulakwa and Chanda, Emmanuel and Haque, Ubydul and
               Mwanza-Ingwe, Mercy and Sikaala, Chadwick and Katebe-Sakala,
               Cecilia and Mukonka, Victor M and Norris, Douglas E and Smith,
               David L and Glass, Gregory E and Moss, William J",
  journal   = "Malar. J.",
  publisher = "BioMed Central Ltd",
  volume    =  12,
  pages     = "437",
  month     =  dec,
  year      =  2013,
  language  = "en"
}

@ARTICLE{Hartley2006-gv,
  title    = "{The role of institutional epidemiologic weight in guiding
              infection surveillance and control in community and hospital
              populations}",
  author   = "Hartley, David M and Furuno, Jon P and Wright, Marc O and Smith,
              David L and Perencevich, Eli N",
  journal  = "Infect. Control Hosp. Epidemiol.",
  volume   =  27,
  number   =  2,
  pages    = "170--174",
  month    =  feb,
  year     =  2006,
  language = "en"
}

@ARTICLE{Smith2007-wd,
  title    = "{Standardizing estimates of the \emph{Plasmodium falciparum}
              parasite rate}",
  author   = "Smith, David L and Guerra, Carlos A and Snow, Robert W and Hay,
              Simon I",
  journal  = "Malar. J.",
  volume   =  6,
  pages    = "131",
  month    =  sep,
  year     =  2007,
  language = "en"
}

@INCOLLECTION{Hay2009-ja,
  title     = "{The influence of first-nature geography: is it possible to
               eradicate malaria?}",
  booktitle = "Reshaping Economic Geography",
  author    = "Hay, Simon I and Smith, David L and Snow, Robert W",
  publisher = "World Bank Publications",
  pages     = "117",
  year      =  2009
}

@ARTICLE{Klein2008-tx,
  title    = "Clinically immune hosts as a refuge for drug-sensitive malaria
              parasites",
  author   = "Klein, Eili Y and Smith, David L and Boni, Maciej F and
              Laxminarayan, Ramanan",
  journal  = "Malar. J.",
  volume   =  7,
  pages    = "67",
  month    =  apr,
  year     =  2008,
  language = "en"
}

@ARTICLE{Smith2005-yq,
  title    = "{Assessing the role of long-distance translocation and spatial
              heterogeneity in the raccoon rabies epidemic in Connecticut}",
  author   = "Smith, D L and Waller, L A and Russell, C A and Childs, J E and
              Real, L A",
  journal  = "Prev. Vet. Med.",
  volume   =  71,
  number   = "3-4",
  pages    = "225--240",
  month    =  oct,
  year     =  2005,
  language = "en"
}

@ARTICLE{Ross1916-pp,
  title   = "{An application of the theory of probabilities to the study of a
             priori pathometry. Part I.}",
  author  = "Ross, Ronald",
  journal = "Proceedings of the Royal Society A: Mathematical, Physical and
             Engineering Science",
  volume  =  92,
  number  =  638,
  pages   = "204--230",
  year    =  1916
}

@ARTICLE{Rodriguez-Barraquer2016-zq,
  title    = "Quantifying heterogeneous malaria exposure and clinical
              protection in a cohort of Ugandan children",
  author   = "Rodriguez-Barraquer, Isabel and Arinaitwe, Emmanuel and
              Jagannathan, Prasanna and Boyle, Michelle J and Tappero, Jordan
              and Muhindo, Mary and Kamya, Moses R and Dorsey, Grant and
              Drakeley, Chris and Ssewanyana, Isaac and Smith, David L and
              Greenhouse, Bryan",
  journal  = "J. Infect. Dis.",
  volume   =  214,
  number   =  7,
  pages    = "1072--1080",
  month    =  oct,
  year     =  2016,
  language = "en"
}

@ARTICLE{Smith2005-jv,
  title    = "{Agricultural antibiotics and human health}",
  author   = "Smith, David L and Dushoff, Jonathan and Morris, J Glenn",
  journal  = "PLoS Med.",
  volume   =  2,
  number   =  8,
  pages    = "e232",
  month    =  aug,
  year     =  2005,
  language = "en"
}

@ARTICLE{Reiner2013-od,
  title    = "A systematic review of mathematical models of mosquito-borne
              pathogen transmission: 1970-2010",
  author   = "Reiner, Jr, Robert C and Perkins, T Alex and Barker, Christopher
              M and Niu, Tianchan and Chaves, Luis Fernando and Ellis, Alicia M
              and George, Dylan B and Le Menach, Arnaud and Pulliam, Juliet R C
              and Bisanzio, Donal and Buckee, Caroline and Chiyaka, Christinah
              and Cummings, Derek A T and Garcia, Andres J and Gatton, Michelle
              L and Gething, Peter W and Hartley, David M and Johnston,
              Geoffrey and Klein, Eili Y and Michael, Edwin and Lindsay, Steven
              W and Lloyd, Alun L and Pigott, David M and Reisen, William K and
              Ruktanonchai, Nick and Singh, Brajendra K and Tatem, Andrew J and
              Kitron, Uriel and Hay, Simon I and Scott, Thomas W and Smith,
              David L",
  journal  = "J. R. Soc. Interface",
  volume   =  10,
  number   =  81,
  pages    = "20120921",
  month    =  apr,
  year     =  2013,
  language = "en"
}

@ARTICLE{Gething2010-ju,
  title    = "Climate change and the global malaria recession",
  author   = "Gething, Peter W and Smith, David L and Patil, Anand P and Tatem,
              Andrew J and Snow, Robert W and Hay, Simon I",
  journal  = "Nature",
  volume   =  465,
  number   =  7296,
  pages    = "342--345",
  month    =  may,
  year     =  2010,
  language = "en"
}

@UNPUBLISHED{Megiddo2016-mm,
  title  = "{Reservoir and Transmission Dynamics of Multistrain Bacterial
            Pathogens}",
  author = "Megiddo, Itamar and Klein, Eili Y and Laxminarayan, Ramanan and
            Smith, David L",
  month  =  jun,
  year   =  2016
}

@ARTICLE{Cohen2017-gd,
  title     = "{Mapping multiple components of malaria risk for improved
               targeting of elimination interventions}",
  author    = "Cohen, Justin M and Le Menach, Arnaud and Pothin, Emilie and
               Eisele, Thomas P and Gething, Peter W and Eckhoff, Philip A and
               Moonen, Bruno and Schapira, Allan and Smith, David L",
  journal   = "Malar. J.",
  publisher = "BioMed Central",
  volume    =  16,
  number    =  1,
  pages     = "459",
  month     =  nov,
  year      =  2017,
  language  = "en"
}

@ARTICLE{Molineaux1985-qz,
  title    = "The pros and cons of modelling malaria transmission",
  author   = "Molineaux, Louis",
  journal  = "Trans. R. Soc. Trop. Med. Hyg.",
  volume   =  79,
  number   =  6,
  pages    = "743--747",
  year     =  1985,
  language = "en"
}

@ARTICLE{Reiner2019-eh,
  title     = "{Estimating the impact of city-wide \textit{Aedes aegypti}
               population control: An observational study in Iquitos, Peru}",
  author    = "Reiner, Jr, Robert C and Stoddard, Steven T and
               Vazquez-Prokopec, Gonzalo M and Astete, Helvio and Perkins, T
               Alex and Sihuincha, Moises and Stancil, Jeffrey D and Smith,
               David L and Kochel, Tadeuz J and Halsey, Eric S and Kitron,
               Uriel and Morrison, Amy C and Scott, Thomas W",
  journal   = "PLoS Negl. Trop. Dis.",
  publisher = "Public Library of Science",
  volume    =  13,
  number    =  5,
  pages     = "e0007255",
  month     =  may,
  year      =  2019,
  language  = "en"
}

@ARTICLE{Ross1911-lp,
  title   = "Some quantitative studies in epidemiology",
  author  = "Ross, Ronald",
  journal = "Nature",
  volume  =  87,
  number  =  2188,
  pages   = "466--467",
  month   =  oct,
  year    =  1911
}

@ARTICLE{Macdonald1952-dx,
  title    = "{The analysis of equilibrium in malaria}",
  author   = "Macdonald, G",
  journal  = "Trop. Dis. Bull.",
  volume   =  49,
  number   =  9,
  pages    = "813--829",
  month    =  sep,
  year     =  1952,
  language = "en"
}

@ARTICLE{Harris2004-zw,
  title    = "Co-carriage rates of vancomycin-resistant Enterococcus and
              extended-spectrum beta-lactamase-producing bacteria among a
              cohort of intensive care unit patients: implications for an
              active surveillance program",
  author   = "Harris, Anthony D and Nemoy, Lucia and Johnson, Judith A and
              Martin-Carnahan, Amy and Smith, David L and Standiford, Hal and
              Perencevich, Eli N",
  journal  = "Infect. Control Hosp. Epidemiol.",
  volume   =  25,
  number   =  2,
  pages    = "105--108",
  month    =  feb,
  year     =  2004,
  language = "en"
}

@ARTICLE{Macdonald1956-qw,
  title    = "{Theory of the eradication of malaria}",
  author   = "Macdonald, G",
  journal  = "Bull. World Health Organ.",
  volume   =  15,
  number   = "3-5",
  pages    = "369--387",
  year     =  1956,
  language = "en"
}

@ARTICLE{Alegana2016-py,
  title     = "{Spatio-temporal analysis of malaria vector density from
               baseline through intervention in a high transmission setting}",
  author    = "Alegana, Victor A and Kigozi, Simon P and Nankabirwa, Joaniter
               and Arinaitwe, Emmanuel and Kigozi, Ruth and Mawejje, Henry and
               Kilama, Maxwell and Ruktanonchai, Nick W and Ruktanonchai,
               Corrine W and Drakeley, Chris and Lindsay, Steve W and
               Greenhouse, Bryan and Kamya, Moses R and Smith, David L and
               Atkinson, Peter M and Dorsey, Grant and Tatem, Andrew J",
  journal   = "Parasit. Vectors",
  publisher = "Parasites \& Vectors",
  volume    =  9,
  number    =  1,
  pages     = "637",
  month     =  dec,
  year      =  2016,
  language  = "en"
}

@ARTICLE{Le_Menach2011-ta,
  title    = "Travel risk, malaria importation and malaria transmission in
              Zanzibar",
  author   = "Le Menach, Arnaud and Tatem, Andrew J and Cohen, Justin M and
              Hay, Simon I and Randell, Heather and Patil, Anand P and Smith,
              David L",
  journal  = "Sci. Rep.",
  volume   =  1,
  pages    = "93",
  month    =  sep,
  year     =  2011,
  language = "en"
}

@ARTICLE{Greenhouse2018-zy,
  title    = "Taking sharper pictures of malaria with {CAMERAs}: combined
              antibodies to measure exposure recency assays",
  author   = "Greenhouse, Bryan and Smith, David L and
              Rodr{\'\i}guez-Barraquer, Isabel and Mueller, Ivo and Drakeley,
              Chris J",
  journal  = "Am. J. Trop. Med. Hyg.",
  volume   =  99,
  number   =  5,
  pages    = "1120--1127",
  month    =  nov,
  year     =  2018,
  language = "en"
}

@ARTICLE{Gething2016-cu,
  title    = "Mapping \textit{Plasmodium falciparum} mortality in Africa
              between 1990 and 2015",
  author   = "Gething, Peter W and Casey, Daniel C and Weiss, Daniel J and
              Bisanzio, Donal and Bhatt, Samir and Cameron, Ewan and Battle,
              Katherine E and Dalrymple, Ursula and Rozier, Jennifer and Rao,
              Puja C and Kutz, Michael J and Barber, Ryan M and Huynh, Chantal
              and Shackelford, Katya A and Coates, Matthew M and Nguyen, Grant
              and Fraser, Maya S and Kulikoff, Rachel and Wang, Haidong and
              Naghavi, Mohsen and Smith, David L and Murray, Christopher J L
              and Hay, Simon I and Lim, Stephen S",
  journal  = "N. Engl. J. Med.",
  volume   =  375,
  number   =  25,
  pages    = "2435--2445",
  month    =  dec,
  year     =  2016,
  language = "en"
}

@ARTICLE{Sturrock2013-ku,
  title    = "Targeting asymptomatic malaria infections: active surveillance in
              control and elimination",
  author   = "Sturrock, Hugh J W and Hsiang, Michelle S and Cohen, Justin M and
              Smith, David L and Greenhouse, Bryan and Bousema, Teun and
              Gosling, Roly D",
  journal  = "PLoS Med.",
  volume   =  10,
  number   =  6,
  pages    = "e1001467",
  month    =  jun,
  year     =  2013,
  language = "en"
}

@ARTICLE{Hartley2006-xo,
  title    = "{Hyperinfectivity: a critical element in the ability of \emph{V.
              cholerae} to cause epidemics?}",
  author   = "Hartley, David M and Morris, Jr, J Glenn and Smith, David L",
  journal  = "PLoS Med.",
  volume   =  3,
  number   =  1,
  pages    = "e7",
  month    =  jan,
  year     =  2006,
  language = "en"
}

@ARTICLE{Haque2014-ng,
  title     = "Malaria burden and control in Bangladesh and prospects for
               elimination: an epidemiological and economic assessment",
  author    = "Haque, Ubydul and Overgaard, Hans J and Clements, Archie C A and
               Norris, Douglas E and Islam, Nazrul and Karim, Jahirul and Roy,
               Shyamal and Haque, Waziul and Kabir, Moktadir and Smith, David L
               and Glass, Gregory E",
  journal   = "Lancet Glob Health",
  publisher = "Elsevier",
  volume    =  2,
  number    =  2,
  pages     = "e98--105",
  month     =  feb,
  year      =  2014,
  language  = "en"
}

@ARTICLE{Klein2013-sv,
  title    = "The changing epidemiology of methicillin-resistant
              \textit{Staphylococcus aureus} in the United States: a national
              observational study",
  author   = "Klein, Eili Y and Sun, Lova and Smith, David L and Laxminarayan,
              Ramanan",
  journal  = "Am. J. Epidemiol.",
  volume   =  177,
  number   =  7,
  pages    = "666--674",
  month    =  apr,
  year     =  2013,
  language = "en"
}

@ARTICLE{Tatem2010-st,
  title    = "{Ranking of elimination feasibility between malaria-endemic
              countries}",
  author   = "Tatem, Andrew J and Smith, David L and Gething, Peter W and
              Kabaria, Caroline W and Snow, Robert W and Hay, Simon I",
  journal  = "Lancet",
  volume   =  376,
  number   =  9752,
  pages    = "1579--1591",
  month    =  nov,
  year     =  2010,
  language = "en"
}

@ARTICLE{Ruktanonchai2016-ea,
  title    = "Parasite sources and sinks in a patched {Ross-Macdonald} malaria
              model with human and mosquito movement: Implications for control",
  author   = "Ruktanonchai, Nick W and Smith, David L and De Leenheer, Patrick",
  journal  = "Math. Biosci.",
  volume   =  279,
  pages    = "90--101",
  month    =  sep,
  year     =  2016,
  language = "en"
}

@ARTICLE{Moonen2010-dz,
  title     = "{Operational strategies to achieve and maintain malaria
               elimination}",
  author    = "Moonen, Bruno and Cohen, Justin M and Snow, Robert W and
               Slutsker, Laurence and Drakeley, Chris and Smith, David L and
               Abeyasinghe, Rabindra R and Rodriguez, Mario Henry and Maharaj,
               Rajendra and Tanner, Marcel and Targett, Geoffrey",
  journal   = "Lancet",
  publisher = "Elsevier",
  volume    =  376,
  number    =  9752,
  pages     = "1592--1603",
  month     =  nov,
  year      =  2010,
  language  = "en"
}

@ARTICLE{Tatem2017-bm,
  title    = "The geography of imported malaria to non-endemic countries: a
              meta-analysis of nationally reported statistics",
  author   = "Tatem, Andrew J and Jia, Peng and Ordanovich, Dariya and Falkner,
              Michael and Huang, Zhuojie and Howes, Rosalind and Hay, Simon I
              and Gething, Peter W and Smith, David L",
  journal  = "Lancet Infect. Dis.",
  volume   =  17,
  number   =  1,
  pages    = "98--107",
  month    =  jan,
  year     =  2017,
  language = "en"
}

@BOOK{Ross1902-bu,
  title     = "{Mosquito brigades and how to organize them}",
  author    = "Ross, Ronald",
  publisher = "Longmans, Green",
  year      =  1902,
  address   = "London"
}

@BOOK{World_Health_Organization2014-dl,
  title     = "From Malaria Control to Malaria Elimination: A Manual for
               Elimination Scenario Planning",
  author    = "{World Health Organization}",
  publisher = "World Health Organization",
  year      =  2014,
  address   = "Geneva",
  language  = "en"
}

@ARTICLE{Battle2019-bm,
  title    = "Mapping the global endemicity and clinical burden of
              \textit{Plasmodium vivax}, 2000-17: a spatial and temporal
              modelling study",
  author   = "Battle, Katherine E and Lucas, Tim C D and Nguyen, Michele and
              Howes, Rosalind E and Nandi, Anita K and Twohig, Katherine A and
              Pfeffer, Daniel A and Cameron, Ewan and Rao, Puja C and Casey,
              Daniel and Gibson, Harry S and Rozier, Jennifer A and Dalrymple,
              Ursula and Keddie, Suzanne H and Collins, Emma L and Harris,
              Joseph R and Guerra, Carlos A and Thorn, Michael P and Bisanzio,
              Donal and Fullman, Nancy and Huynh, Chantal K and Kulikoff, Xie
              and Kutz, Michael J and Lopez, Alan D and Mokdad, Ali H and
              Naghavi, Mohsen and Nguyen, Grant and Shackelford, Katya Anne and
              Vos, Theo and Wang, Haidong and Lim, Stephen S and Murray,
              Christopher J L and Price, Ric N and Baird, J Kevin and Smith,
              David L and Bhatt, Samir and Weiss, Daniel J and Hay, Simon I and
              Gething, Peter W",
  journal  = "Lancet",
  volume   =  394,
  number   =  10195,
  pages    = "332--343",
  month    =  jul,
  year     =  2019,
  language = "en"
}

@ARTICLE{Searle2013-jy,
  title    = "Efficiency of household reactive case detection for malaria in
              rural southern Zambia: simulations based on cross-sectional
              surveys from two epidemiological settings",
  author   = "Searle, Kelly M and Shields, Timothy and Hamapumbu, Harry and
              Kobayashi, Tamaki and Mharakurwa, Sungano and Thuma, Philip E and
              Smith, David L and Glass, Gregory and Moss, William J",
  journal  = "PLoS One",
  volume   =  8,
  number   =  8,
  pages    = "e70972",
  month    =  aug,
  year     =  2013,
  language = "en"
}

@ARTICLE{Midega2012-rc,
  title     = "{Wind direction and proximity to larval sites determines malaria
               risk in Kilifi District in Kenya}",
  author    = "Midega, Janet T and Smith, Dave L and Olotu, Ally and Mwangangi,
               Joseph M and Nzovu, Joseph G and Wambua, Juliana and Nyangweso,
               George and Mbogo, Charles M and Christophides, George K and
               Marsh, Kevin and Bejon, Philip",
  journal   = "Nat. Commun.",
  publisher = "The Author(s) SN -",
  volume    =  3,
  number    =  1,
  pages     = "674",
  month     =  feb,
  year      =  2012,
  language  = "en"
}

@ARTICLE{Golding2015-rc,
  title     = "{Integrating vector control across diseases}",
  author    = "Golding, Nick and Wilson, Anne L and Moyes, Catherine L and
               Cano, Jorge and Pigott, David M and Velayudhan, Raman and
               Brooker, Simon J and Smith, David L and Hay, Simon I and
               Lindsay, Steve W",
  journal   = "BMC Med.",
  publisher = "BMC Medicine",
  volume    =  13,
  number    =  1,
  pages     = "249",
  month     =  oct,
  year      =  2015,
  language  = "en"
}

@ARTICLE{Brady2014-kx,
  title     = "Global temperature constraints on \textit{Aedes aegypti} and
               \textit{Ae. albopictus} persistence and competence for dengue
               virus transmission",
  author    = "Brady, Oliver J and Golding, Nick and Pigott, David M and
               Kraemer, Moritz U G and Messina, Jane P and Reiner, Jr, Robert C
               and Scott, Thomas W and Smith, David L and Gething, Peter W and
               Hay, Simon I",
  journal   = "Parasit. Vectors",
  publisher = "BioMed Central Ltd",
  volume    =  7,
  number    =  1,
  pages     = "338",
  month     =  jul,
  year      =  2014,
  language  = "en"
}

@ARTICLE{Smith2000-ml,
  title    = "The population dynamics and community ecology of root
              hemiparasitic plants",
  author   = "Smith, David",
  journal  = "Am. Nat.",
  volume   =  155,
  number   =  1,
  pages    = "13--23",
  month    =  jan,
  year     =  2000,
  language = "en"
}

@ARTICLE{Reiner2015-ii,
  title     = "{Mapping residual transmission for malaria elimination}",
  author    = "Reiner, Robert C and Le Menach, Arnaud and Kunene, Simon and
               Ntshalintshali, Nyasatu and Hsiang, Michelle S and Perkins, T
               Alex and Greenhouse, Bryan and Tatem, Andrew J and Cohen, Justin
               M and Smith, David L",
  journal   = "Elife",
  publisher = "eLife Sciences Publications, Ltd",
  volume    =  4,
  pages     = "e09520",
  month     =  dec,
  year      =  2015,
  language  = "en"
}

@ARTICLE{Acevedo2015-jq,
  title    = "Spatial heterogeneity, host movement and mosquito-borne disease
              transmission",
  author   = "Acevedo, Miguel A and Prosper, Olivia and Lopiano, Kenneth and
              Ruktanonchai, Nick and Caughlin, T Trevor and Martcheva, Maia and
              Osenberg, Craig W and Smith, David L",
  journal  = "PLoS One",
  volume   =  10,
  number   =  6,
  pages    = "e0127552",
  month    =  jun,
  year     =  2015,
  language = "en"
}

@ARTICLE{Smith2009-gw,
  title    = "{This could be the last time: bioeconomics of malaria
              eradication}",
  author   = "Smith, David L and Tatem, Andrew J",
  journal  = "Resources",
  volume   =  173,
  pages    = "10--12",
  month    =  nov,
  year     =  2009
}

@ARTICLE{Waller2003-mi,
  title     = "{Monte Carlo assessments of goodness-of-fit for ecological
               simulation models}",
  author    = "Waller, Lance A and Smith, David and Childs, James E and Real,
               Leslie A",
  journal   = "Ecol. Modell.",
  publisher = "Elsevier",
  volume    =  164,
  number    =  1,
  pages     = "49--63",
  month     =  jun,
  year      =  2003
}

@ARTICLE{Marvier1997-wf,
  title     = "{Conservation implications of host use for rare parasitic
               plants}",
  author    = "Marvier, Michelle A and Smith, David L",
  journal   = "Conserv. Biol.",
  publisher = "Wiley Online Library",
  volume    =  11,
  number    =  4,
  pages     = "839--848",
  month     =  aug,
  year      =  1997
}

@ARTICLE{Guerra2008-qj,
  title     = "{The limits and intensity of \emph{Plasmodium falciparum
               }transmission: implications for malaria control and elimination
               worldwide}",
  author    = "Guerra, Carlos A and Gikandi, Priscilla W and Tatem, Andrew J
               and Noor, Abdisalan M and Smith, Dave L and Hay, Simon I and
               Snow, Robert W",
  journal   = "PLoS Med.",
  publisher = "Public Library of Science",
  volume    =  5,
  number    =  2,
  pages     = "e38",
  month     =  feb,
  year      =  2008,
  language  = "en"
}

@ARTICLE{Smith2014-kd,
  title     = "{Recasting the theory of mosquito-borne pathogen transmission
               dynamics and control}",
  author    = "Smith, David L and Perkins, T Alex and Reiner, Jr, Robert C and
               Barker, Christopher M and Niu, Tianchan and Chaves, Luis
               Fernando and Ellis, Alicia M and George, Dylan B and Le Menach,
               Arnaud and Pulliam, Juliet R C and Bisanzio, Donal and Buckee,
               Caroline and Chiyaka, Christinah and Cummings, Derek A T and
               Garcia, Andres J and Gatton, Michelle L and Gething, Peter W and
               Hartley, David M and Johnston, Geoffrey and Klein, Eili Y and
               Michael, Edwin and Lloyd, Alun L and Pigott, David M and Reisen,
               William K and Ruktanonchai, Nick and Singh, Brajendra K and
               Stoller, Jeremy and Tatem, Andrew J and Kitron, Uriel and
               Godfray, H Charles J and Cohen, Justin M and Hay, Simon I and
               Scott, Thomas W",
  journal   = "Trans. R. Soc. Trop. Med. Hyg.",
  publisher = "Oxford University Press",
  volume    =  108,
  number    =  4,
  pages     = "185--197",
  month     =  apr,
  year      =  2014,
  language  = "en"
}

@ARTICLE{Le_Menach2007-xg,
  title     = "An elaborated feeding cycle model for reductions in vectorial
               capacity of night-biting mosquitoes by insecticide-treated nets",
  author    = "Le Menach, Arnaud and Takala, Shannon and McKenzie, F Ellis and
               Perisse, Andre and Harris, Anthony and Flahault, Antoine and
               Smith, David L",
  journal   = "Malar. J.",
  publisher = "BioMed Central Ltd",
  volume    =  6,
  pages     = "10",
  month     =  jan,
  year      =  2007,
  language  = "en"
}

@ARTICLE{Lotka1923-hh,
  title   = "{Contributions to the analysis of malaria epidemiology}",
  author  = "Lotka, Alfred J",
  journal = "Am. J. Hyg.",
  volume  = "3 (Suppl. 1)",
  pages   = "1--121",
  year    =  1923
}

@ARTICLE{Klein2012-ll,
  title    = "Superinfection and the evolution of resistance to antimalarial
              drugs",
  author   = "Klein, Eili Y and Smith, David L and Laxminarayan, Ramanan and
              Levin, Simon",
  journal  = "Proc. Biol. Sci.",
  volume   =  279,
  number   =  1743,
  pages    = "3834--3842",
  month    =  sep,
  year     =  2012,
  language = "en"
}

@ARTICLE{Smith2010-at,
  title    = "Prospective strategies to delay the evolution of anti-malarial
              drug resistance: weighing the uncertainty",
  author   = "Smith, David L and Klein, Eili Y and McKenzie, F Ellis and
              Laxminarayan, Ramanan",
  journal  = "Malar. J.",
  volume   =  9,
  pages    = "217",
  month    =  jul,
  year     =  2010,
  language = "en"
}

@ARTICLE{Perencevich2004-py,
  title     = "Projected benefits of active surveillance for
               vancomycin-resistant enterococci in intensive care units",
  author    = "Perencevich, Eli N and Fisman, David N and Lipsitch, Marc and
               Harris, Anthony D and Morris, Jr, J Glenn and Smith, David L",
  journal   = "Clin. Infect. Dis.",
  publisher = "Oxford University Press",
  volume    =  38,
  number    =  8,
  pages     = "1108--1115",
  month     =  apr,
  year      =  2004,
  language  = "en"
}

@INCOLLECTION{Smith2007-ie,
  title     = "{The epidemiology of antibiotic resistance: Policy levers}",
  booktitle = "Extending the Cure",
  author    = "Smith, David L",
  publisher = "Resources for the Future",
  pages     = "39--67",
  year      =  2007,
  address   = "Washington, DC"
}

@INCOLLECTION{Smith2003-fn,
  title     = "{Antibiotic use in animals and the emergence of antibiotic
               resistance in human commensal microbes and zoonotic pathogens}",
  booktitle = "{OIE} international standards on antimicrobial resistance, 2003",
  author    = "Smith, David L and Johnson, Judith A",
  publisher = "World Organization for Animal",
  pages     = "267--272",
  year      =  2003
}

@INCOLLECTION{Boni2010-kv,
  title     = "{A New Chapter in the History of Malaria Control}",
  booktitle = "Issues of the Day",
  author    = "Boni, Maciej F and Smith, David L",
  publisher = "Routledge",
  pages     = "180--181",
  month     =  sep,
  year      =  2010
}

@ARTICLE{Tusting2014-wi,
  title     = "Measuring changes in \textit{Plasmodium falciparum}
               transmission: precision, accuracy and costs of metrics",
  author    = "Tusting, Lucy S and Bousema, Teun and Smith, David L and
               Drakeley, Chris",
  journal   = "Adv. Parasitol.",
  publisher = "Elsevier",
  volume    =  84,
  pages     = "151--208",
  year      =  2014,
  language  = "en"
}

@ARTICLE{Bousema2012-zq,
  title     = "Hitting hotspots: spatial targeting of malaria for control and
               elimination",
  author    = "Bousema, Teun and Griffin, Jamie T and Sauerwein, Robert W and
               Smith, David L and Churcher, Thomas S and Takken, Willem and
               Ghani, Azra and Drakeley, Chris and Gosling, Roly",
  journal   = "PLoS Med.",
  publisher = "Public Library of Science",
  volume    =  9,
  number    =  1,
  pages     = "e1001165",
  month     =  jan,
  year      =  2012,
  language  = "en"
}

@ARTICLE{Smith2005-rr,
  title    = "The entomological inoculation rate and \textit{Plasmodium
              falciparum} infection in African children",
  author   = "Smith, D L and Dushoff, J and Snow, R W and Hay, S I",
  journal  = "Nature",
  volume   =  438,
  number   =  7067,
  pages    = "492--495",
  month    =  nov,
  year     =  2005,
  language = "en"
}

@ARTICLE{Cooper2019-cv,
  title     = "{Pareto rules for malaria super-spreaders and super-spreading}",
  author    = "Cooper, Laura and Kang, Su Yun and Bisanzio, Donal and Maxwell,
               Kilama and Rodriguez-Barraquer, Isabel and Greenhouse, Bryan and
               Drakeley, Chris and Arinaitwe, Emmanuel and G Staedke, Sarah and
               Gething, Peter W and Eckhoff, Philip and Reiner, Jr, Robert C
               and Hay, Simon I and Dorsey, Grant and Kamya, Moses R and
               Lindsay, Steven W and Grenfell, Bryan T and Smith, David L",
  journal   = "Nat. Commun.",
  publisher = "Nature Publishing Group",
  volume    =  10,
  number    =  1,
  pages     = "3939",
  month     =  sep,
  year      =  2019,
  language  = "en"
}

@ARTICLE{Ross1917-iz,
  title   = "{An Application of the Theory of Probabilities to the Study of a
             priori Pathometry. Part {II}}",
  author  = "Ross, Ronald and Hudson, H P",
  journal = "Proceedings of the Royal Society A: Mathematical, Physical and
             Engineering Science",
  volume  =  93,
  number  =  650,
  pages   = "212--225",
  year    =  1917
}

@ARTICLE{Buckee2010-je,
  title    = "Modelling malaria population structure and its implications for
              control",
  author   = "Buckee, Caroline O and Gupta, Sunetra",
  journal  = "Adv. Exp. Med. Biol.",
  volume   =  673,
  pages    = "112--126",
  year     =  2010,
  language = "en"
}

@ARTICLE{Guerra2019-uc,
  title     = "Human mobility patterns and malaria importation on Bioko Island",
  author    = "Guerra, Carlos A and Kang, Su Yun and Citron, Daniel T and
               Hergott, Dianna E B and Perry, Megan and Smith, Jordan and
               Phiri, Wonder P and Os{\'a} Nfumu, Jos{\'e} O and Mba Eyono,
               Jerem{\'\i}as N and Battle, Katherine E and Gibson, Harry S and
               Garc{\'\i}a, Guillermo A and Smith, David L",
  journal   = "Nat. Commun.",
  publisher = "Springer US",
  volume    =  10,
  number    =  1,
  pages     = "2332",
  month     =  may,
  year      =  2019,
  language  = "en"
}

@ARTICLE{Le_Menach2005-sr,
  title    = "{The unexpected importance of mosquito oviposition behaviour for
              malaria: non-productive larval habitats can be sources for
              malaria transmission}",
  author   = "Le Menach, Arnaud and McKenzie, F Ellis and Flahault, Antoine and
              Smith, David L",
  journal  = "Malar. J.",
  volume   =  4,
  number   =  1,
  pages    = "23",
  month    =  may,
  year     =  2005,
  language = "en"
}

@ARTICLE{Kraemer2018-da,
  title     = "{Inferences about spatiotemporal variation in dengue virus
               transmission are sensitive to assumptions about human mobility:
               a case study using geolocated tweets from Lahore, Pakistan}",
  author    = "Kraemer, Moritz U G and Bisanzio, D and Reiner, R C and Zakar, R
               and Hawkins, J B and Freifeld, C C and Smith, D L and Hay, S I
               and Brownstein, J S and Perkins, T Alex",
  journal   = "EPJ Data Sci",
  publisher = "The Author(s)",
  volume    =  7,
  number    =  1,
  pages     = "16",
  month     =  jun,
  year      =  2018,
  language  = "en"
}

@ARTICLE{Furuno2006-nz,
  title    = "{Identifying groups at high risk for carriage of
              antibiotic-resistant bacteria}",
  author   = "Furuno, Jon P and McGregor, Jessina C and Harris, Anthony D and
              Johnson, Judith A and Johnson, Jennifer K and Langenberg,
              Patricia and Venezia, Richard A and Finkelstein, Joseph and
              Smith, David L and Strauss, Sandra M and Perencevich, Eli N",
  journal  = "Arch. Intern. Med.",
  volume   =  166,
  number   =  5,
  pages    = "580--585",
  month    =  mar,
  year     =  2006,
  language = "en"
}

@ARTICLE{Brady2015-db,
  title    = "{Adult vector control, mosquito ecology and malaria transmission}",
  author   = "Brady, Oliver J and Godfray, H Charles J and Tatem, Andrew J and
              Gething, Peter W and Cohen, Justin M and McKenzie, F Ellis and
              Alex Perkins, T and Reiner, Jr, Robert C and Tusting, Lucy S and
              Scott, Thomas W and Lindsay, Steven W and Hay, Simon I and Smith,
              David L",
  journal  = "Int. Health",
  volume   =  7,
  number   =  2,
  pages    = "121--129",
  month    =  mar,
  year     =  2015,
  language = "en"
}

@ARTICLE{Katureebe2016-ld,
  title     = "Measures of malaria burden after long-lasting insecticidal net
               distribution and indoor residual spraying at three sites in
               Uganda: a prospective observational study",
  author    = "Katureebe, Agaba and Zinszer, Kate and Arinaitwe, Emmanuel and
               Rek, John and Kakande, Elijah and Charland, Katia and Kigozi,
               Ruth and Kilama, Maxwell and Nankabirwa, Joaniter and Yeka,
               Adoke and Mawejje, Henry and Mpimbaza, Arthur and Katamba, Henry
               and Donnelly, Martin J and Rosenthal, Philip J and Drakeley,
               Chris and Lindsay, Steve W and Staedke, Sarah G and Smith, David
               L and Greenhouse, Bryan and Kamya, Moses R and Dorsey, Grant",
  journal   = "PLoS Med.",
  publisher = "Public Library of Science",
  volume    =  13,
  number    =  11,
  pages     = "e1002167",
  month     =  nov,
  year      =  2016,
  language  = "en"
}

@ARTICLE{Smith2010-eg,
  title     = "Progress in modelling malaria transmission",
  author    = "Smith, David L and Ruktanonchai, Nick",
  journal   = "Adv. Exp. Med. Biol.",
  publisher = "Springer New York",
  volume    =  673,
  number    = "Chapter 1",
  pages     = "1--12",
  year      =  2010,
  address   = "New York, NY",
  language  = "en"
}

@ARTICLE{Smith2005-jv,
  title     = "{Ecological theory to enhance infectious disease control and
               public health policy}",
  author    = "Smith, Katherine F and Dobson, Andrew P and McKenzie, F Ellis
               and Real, Leslie A and Smith, David L and Wilson, Mark L",
  journal   = "Front. Ecol. Environ.",
  publisher = "John Wiley \& Sons, Ltd",
  volume    =  3,
  number    =  1,
  pages     = "29--37",
  month     =  feb,
  year      =  2005,
  language  = "en"
}

@ARTICLE{Pigott2014-cr,
  title     = "{Mapping the zoonotic niche of Ebola virus disease in Africa}",
  author    = "Pigott, David M and Golding, Nick and Mylne, Adrian and Huang,
               Zhi and Henry, Andrew J and Weiss, Daniel J and Brady, Oliver J
               and Kraemer, Moritz U G and Smith, David L and Moyes, Catherine
               L and Bhatt, Samir and Gething, Peter W and Horby, Peter W and
               Bogoch, Isaac I and Brownstein, John S and Mekaru, Sumiko R and
               Tatem, Andrew J and Khan, Kamran and Hay, Simon I",
  journal   = "Elife",
  publisher = "eLife Sciences Publications Limited",
  volume    =  3,
  pages     = "e04395",
  month     =  sep,
  year      =  2014,
  language  = "en"
}

@ARTICLE{Russell2012-qp,
  title    = "The potential for respiratory droplet-transmissible {A/H5N1}
              influenza virus to evolve in a mammalian host",
  author   = "Russell, Colin A and Fonville, Judith M and Brown, Andr{\'e} E X
              and Burke, David F and Smith, David L and James, Sarah L and
              Herfst, Sander and van Boheemen, Sander and Linster, Martin and
              Schrauwen, Eefje J and Katzelnick, Leah and Moster{\'\i}n, Ana
              and Kuiken, Thijs and Maher, Eileen and Neumann, Gabriele and
              Osterhaus, Albert D M E and Kawaoka, Yoshihiro and Fouchier, Ron
              A M and Smith, Derek J",
  journal  = "Science",
  volume   =  336,
  number   =  6088,
  pages    = "1541--1547",
  month    =  jun,
  year     =  2012,
  language = "en"
}

@ARTICLE{Brady2016-mq,
  title    = "Vectorial capacity and vector control: reconsidering sensitivity
              to parameters for malaria elimination",
  author   = "Brady, Oliver J and Godfray, H Charles J and Tatem, Andrew J and
              Gething, Peter W and Cohen, Justin M and McKenzie, F Ellis and
              Perkins, T Alex and Reiner, Jr, Robert C and Tusting, Lucy S and
              Sinka, Marianne E and Moyes, Catherine L and Eckhoff, Philip A
              and Scott, Thomas W and Lindsay, Steven W and Hay, Simon I and
              Smith, David L",
  journal  = "Trans. R. Soc. Trop. Med. Hyg.",
  volume   =  110,
  number   =  2,
  pages    = "107--117",
  month    =  feb,
  year     =  2016,
  language = "en"
}

@ARTICLE{Ross1905-ec,
  title    = "The logical basis of the sanitary policy of mosquito reduction",
  author   = "Ross, R",
  journal  = "Science",
  volume   =  22,
  number   =  570,
  pages    = "689--699",
  month    =  dec,
  year     =  1905,
  language = "en"
}

@ARTICLE{Messina2015-zt,
  title    = "{The many projected futures of dengue}",
  author   = "Messina, Jane P and Brady, Oliver J and Pigott, David M and
              Golding, Nick and Kraemer, Moritz U G and Scott, Thomas W and
              Wint, G R William and Smith, David L and Hay, Simon I",
  journal  = "Nat. Rev. Microbiol.",
  volume   =  13,
  number   =  4,
  pages    = "230--239",
  month    =  apr,
  year     =  2015,
  language = "en"
}

@ARTICLE{Kraemer2017-ox,
  title    = "Spread of yellow fever virus outbreak in Angola and the
              Democratic Republic of the Congo 2015-16: a modelling study",
  author   = "Kraemer, Moritz U G and Faria, Nuno R and Reiner, Jr, Robert C
              and Golding, Nick and Nikolay, Birgit and Stasse, Stephanie and
              Johansson, Michael A and Salje, Henrik and Faye, Ousmane and
              Wint, G R William and Niedrig, Matthias and Shearer, Freya M and
              Hill, Sarah C and Thompson, Robin N and Bisanzio, Donal and
              Taveira, Nuno and Nax, Heinrich H and Pradelski, Bary S R and
              Nsoesie, Elaine O and Murphy, Nicholas R and Bogoch, Isaac I and
              Khan, Kamran and Brownstein, John S and Tatem, Andrew J and de
              Oliveira, Tulio and Smith, David L and Sall, Amadou A and Pybus,
              Oliver G and Hay, Simon I and Cauchemez, Simon",
  journal  = "Lancet Infect. Dis.",
  volume   =  17,
  number   =  3,
  pages    = "330--338",
  month    =  mar,
  year     =  2017,
  language = "en"
}

@ARTICLE{McKenzie2008-ov,
  title     = "{Strain theory of malaria: the first 50 years}",
  author    = "McKenzie, F Ellis and Smith, David L and O'Meara, Wendy P and
               Riley, Eleanor M",
  journal   = "Adv. Parasitol.",
  publisher = "Elsevier",
  volume    =  66,
  pages     = "1--46",
  year      =  2008,
  language  = "en"
}

@ARTICLE{Golding2017-yt,
  title     = "{Mapping under-5 and neonatal mortality in Africa, 2000-15: a
               baseline analysis for the Sustainable Development Goals}",
  author    = "Golding, Nick and Burstein, Roy and Longbottom, Joshua and
               Browne, Annie J and Fullman, Nancy and Osgood-Zimmerman, Aaron
               and Earl, Lucas and Bhatt, Samir and Cameron, Ewan and Casey,
               Daniel C and Dwyer-Lindgren, Laura and Farag, Tamer H and
               Flaxman, Abraham D and Fraser, Maya S and Gething, Peter W and
               Gibson, Harry S and Graetz, Nicholas and Krause, L Kendall and
               Kulikoff, Xie Rachel and Lim, Stephen S and Mappin, Bonnie and
               Morozoff, Chloe and Reiner, Jr, Robert C and Sligar, Amber and
               Smith, David L and Wang, Haidong and Weiss, Daniel J and Murray,
               Christopher J L and Moyes, Catherine L and Hay, Simon I",
  journal   = "Lancet",
  publisher = "Elsevier",
  volume    =  390,
  number    =  10108,
  pages     = "2171--2182",
  month     =  nov,
  year      =  2017,
  language  = "en"
}

@ARTICLE{Bhatt2017-qn,
  title    = "Improved prediction accuracy for disease risk mapping using
              Gaussian process stacked generalization",
  author   = "Bhatt, Samir and Cameron, Ewan and Flaxman, Seth R and Weiss,
              Daniel J and Smith, David L and Gething, Peter W",
  journal  = "J. R. Soc. Interface",
  volume   =  14,
  number   =  134,
  pages    = "20170520",
  month    =  sep,
  year     =  2017,
  language = "en"
}

@ARTICLE{Smith2002-tx,
  title    = "Predicting the spatial dynamics of rabies epidemics on
              heterogeneous landscapes",
  author   = "Smith, David L and Lucey, Brendan and Waller, Lance A and Childs,
              James E and Real, Leslie A",
  journal  = "Proc. Natl. Acad. Sci. U. S. A.",
  volume   =  99,
  number   =  6,
  pages    = "3668--3672",
  month    =  mar,
  year     =  2002,
  language = "en"
}

@ARTICLE{Howes2016-bn,
  title    = "Global epidemiology of \textit{Plasmodium vivax}",
  author   = "Howes, Rosalind E and Battle, Katherine E and Mendis, Kamini N
              and Smith, David L and Cibulskis, Richard E and Baird, J Kevin
              and Hay, Simon I",
  journal  = "Am. J. Trop. Med. Hyg.",
  volume   =  95,
  number   = "6 Suppl",
  pages    = "15--34",
  month    =  dec,
  year     =  2016,
  language = "en"
}

@ARTICLE{Tatem2013-ns,
  title    = "Urbanization and the global malaria recession",
  author   = "Tatem, Andrew J and Gething, Peter W and Smith, David L and Hay,
              Simon I",
  journal  = "Malar. J.",
  volume   =  12,
  pages    = "133",
  month    =  apr,
  year     =  2013,
  language = "en"
}

@ARTICLE{Smith2013-lj,
  title     = "Mosquito population regulation and larval source management in
               heterogeneous environments",
  author    = "Smith, David L and Perkins, T Alex and Tusting, Lucy S and
               Scott, Thomas W and Lindsay, Steven W",
  journal   = "PLoS One",
  publisher = "Public Library of Science",
  volume    =  8,
  number    =  8,
  pages     = "e71247",
  month     =  aug,
  year      =  2013,
  language  = "en"
}

@ARTICLE{Smith2002-im,
  title     = "{Animal antibiotic use has an early but important impact on the
               emergence of antibiotic resistance in human commensal bacteria}",
  author    = "Smith, David L and Harris, Anthony D and Johnson, Judith A and
               Silbergeld, Ellen K and Morris, Jr, J Glenn",
  journal   = "Proc. Natl. Acad. Sci. U. S. A.",
  publisher = "National Acad Sciences",
  volume    =  99,
  number    =  9,
  pages     = "6434--6439",
  month     =  apr,
  year      =  2002,
  language  = "en"
}

% The entry below contains non-ASCII chars that could not be converted
% to a LaTeX equivalent.
@ARTICLE{Reiner2015-pi,
  title     = "Climate change, urbanization and disease: summer in the city…",
  author    = "Reiner, Jr, Robert C and Smith, David L and Gething, Peter W",
  journal   = "Trans. R. Soc. Trop. Med. Hyg.",
  publisher = "Oxford University Press",
  volume    =  109,
  number    =  3,
  pages     = "171--172",
  month     =  mar,
  year      =  2015,
  language  = "en"
}

@ARTICLE{Eisenberg2012-sl,
  title    = "{In-roads to the spread of antibiotic resistance: regional
              patterns of microbial transmission in northern coastal Ecuador}",
  author   = "Eisenberg, Joseph N S and Goldstick, Jason and Cevallos, William
              and Trueba, Gabriel and Levy, Karen and Scott, James and Percha,
              Bethany and Segovia, Rosana and Ponce, Karina and Hubbard, Alan
              and Marrs, Carl and Foxman, Betsy and Smith, David L and Trostle,
              James",
  journal  = "J. R. Soc. Interface",
  volume   =  9,
  number   =  70,
  pages    = "1029--1039",
  month    =  may,
  year     =  2012,
  language = "en"
}

@ARTICLE{Guerra2014-uc,
  title    = "A global assembly of adult female mosquito mark-release-recapture
              data to inform the control of mosquito-borne pathogens",
  author   = "Guerra, Carlos A and Reiner, Jr, Robert C and Perkins, T Alex and
              Lindsay, Steve W and Midega, Janet T and Brady, Oliver J and
              Barker, Christopher M and Reisen, William K and Harrington, Laura
              C and Takken, Willem and Kitron, Uriel and Lloyd, Alun L and Hay,
              Simon I and Scott, Thomas W and Smith, David L",
  journal  = "Parasit. Vectors",
  volume   =  7,
  pages    = "276",
  month    =  jun,
  year     =  2014,
  language = "en"
}

@ARTICLE{Reiner2016-zv,
  title    = "Quantifying the epidemiological impact of vector control on
              dengue",
  author   = "Reiner, Jr, Robert C and Achee, Nicole and Barrera, Roberto and
              Burkot, Thomas R and Chadee, Dave D and Devine, Gregor J and
              Endy, Timothy and Gubler, Duane and Hombach, Joachim and
              Kleinschmidt, Immo and Lenhart, Audrey and Lindsay, Steven W and
              Longini, Ira and Mondy, Mathias and Morrison, Amy C and Perkins,
              T Alex and Vazquez-Prokopec, Gonzalo and Reiter, Paul and
              Ritchie, Scott A and Smith, David L and Strickman, Daniel and
              Scott, Thomas W",
  journal  = "PLoS Negl. Trop. Dis.",
  volume   =  10,
  number   =  5,
  pages    = "e0004588",
  month    =  may,
  year     =  2016,
  language = "en"
}

@ARTICLE{Huber2016-nf,
  title    = "Quantitative, model-based estimates of variability in the
              generation and serial intervals of \textit{Plasmodium falciparum}
              malaria",
  author   = "Huber, John H and Johnston, Geoffrey L and Greenhouse, Bryan and
              Smith, David L and Perkins, T Alex",
  journal  = "Malar. J.",
  volume   =  15,
  number   =  1,
  pages    = "490",
  month    =  sep,
  year     =  2016,
  language = "en"
}

@ARTICLE{Rek2016-fp,
  title    = "Characterizing microscopic and submicroscopic malaria
              parasitaemia at three sites with varied transmission intensity in
              Uganda",
  author   = "Rek, John and Katrak, Shereen and Obasi, Hannah and Nayebare,
              Patience and Katureebe, Agaba and Kakande, Elijah and Arinaitwe,
              Emmanuel and Nankabirwa, Joaniter I and Jagannathan, Prasanna and
              Drakeley, Chris and Staedke, Sarah G and Smith, David L and
              Bousema, Teun and Kamya, Moses and Rosenthal, Philip J and
              Dorsey, Grant and Greenhouse, Bryan",
  journal  = "Malar. J.",
  volume   =  15,
  pages    = "470",
  month    =  sep,
  year     =  2016,
  language = "en"
}

@ARTICLE{White2013-vh,
  title    = "Synergism from combinations of infection-blocking malaria
              vaccines",
  author   = "White, Michael T and Smith, David L",
  journal  = "Malar. J.",
  volume   =  12,
  pages    = "280",
  month    =  aug,
  year     =  2013,
  language = "en"
}

@BOOK{Smith2016-wd,
  title  = "{Adaptive Sampling to Resolve Uncertainty in Malaria Transmission
            across Spatial Scales }",
  author = "Smith, David L and Gething, Peter W and Bhatt, Samir and Reiner,
            Robert C Jr",
  month  =  jun,
  year   =  2016
}

@BOOK{Ross1908-cm,
  title     = "{Report on the Prevention of Malaria in Mauritius}",
  author    = "Ross, Sir Ronald",
  publisher = "Waterlow \& Sons Limited",
  edition   = "2nd",
  month     =  feb,
  year      =  1908,
  address   = "London",
  language  = "en"
}

@ARTICLE{Penny2015-mn,
  title     = "Distribution of malaria exposure in endemic countries in Africa
               considering country levels of effective treatment",
  author    = "Penny, Melissa A and Maire, Nicolas and Bever, Caitlin A and
               Pemberton-Ross, Peter and Bri{\"e}t, Olivier J T and Smith,
               David L and Gething, Peter W and Smith, Thomas A",
  journal   = "Malar. J.",
  publisher = "BioMed Central",
  volume    =  14,
  pages     = "384",
  month     =  oct,
  year      =  2015,
  language  = "en"
}

@ARTICLE{Smith2011-fq,
  title    = "Co-evolutionary hot and cold spots of selective pressure move in
              space and time: Hot and cold spots of co-evolution",
  author   = "Smith, D L and Ericson, L and Burdon, J J",
  journal  = "J. Ecol.",
  volume   =  82,
  number   =  2,
  pages    = "634--641",
  month    =  jan,
  year     =  2011,
  language = "English"
}

@ARTICLE{Pindolia2014-vo,
  title    = "Quantifying cross-border movements and migrations for guiding the
              strategic planning of malaria control and elimination",
  author   = "Pindolia, Deepa K and Garcia, Andres J and Huang, Zhuojie and
              Fik, Timothy and Smith, David L and Tatem, Andrew J",
  journal  = "Malar. J.",
  volume   =  13,
  pages    = "169",
  month    =  may,
  year     =  2014,
  language = "en"
}

@ARTICLE{Kigozi2015-cr,
  title     = "Associations between urbanicity and malaria at local scales in
               Uganda",
  author    = "Kigozi, Simon P and Pindolia, Deepa K and Smith, David L and
               Arinaitwe, Emmanuel and Katureebe, Agaba and Kilama, Maxwell and
               Nankabirwa, Joaniter and Lindsay, Steve W and Staedke, Sarah G
               and Dorsey, Grant and Kamya, Moses R and Tatem, Andrew J",
  journal   = "Malar. J.",
  publisher = "BioMed Central",
  volume    =  14,
  pages     = "374",
  month     =  sep,
  year      =  2015,
  language  = "en"
}

@ARTICLE{Macdonald1955-ho,
  title    = "{The measurement of malaria transmission}",
  author   = "Macdonald, G",
  journal  = "Proc. R. Soc. Med.",
  volume   =  48,
  number   =  4,
  pages    = "295--302",
  month    =  apr,
  year     =  1955,
  language = "en"
}

@ARTICLE{Hancock2018-rw,
  title     = "{Associated patterns of insecticide resistance in field
               populations of malaria vectors across Africa}",
  author    = "Hancock, Penelope A and Wiebe, Antoinette and Gleave, Katherine
               A and Bhatt, Samir and Cameron, Ewan and Trett, Anna and
               Weetman, David and Smith, David L and Hemingway, Janet and
               Coleman, Michael and Gething, Peter W and Moyes, Catherine L",
  journal   = "Proc. Natl. Acad. Sci. U. S. A.",
  publisher = "National Academy of Sciences",
  volume    =  115,
  number    =  23,
  pages     = "5938--5943",
  month     =  jun,
  year      =  2018,
  language  = "en"
}

@BOOK{Ross1911-fi,
  title     = "{The Prevention of Malaria}",
  author    = "Ross, Sir Ronald",
  publisher = "London, J. Murray",
  edition   = "2nd",
  month     =  aug,
  year      =  1911,
  address   = "London",
  language  = "en"
}

@ARTICLE{Feng2004-ey,
  title    = "Coupling ecology and evolution: malaria and the \textit{S}-gene
              across time scales",
  author   = "Feng, Zhilan and Smith, David L and McKenzie, F Ellis and Levin,
              Simon A",
  journal  = "Math. Biosci.",
  volume   =  189,
  number   =  1,
  pages    = "1--19",
  month    =  may,
  year     =  2004,
  language = "en"
}

@ARTICLE{Rodriguez-Barraquer2018-hg,
  title     = "{Quantification of anti-parasite and anti-disease immunity to
               malaria as a function of age and exposure}",
  author    = "Rodriguez-Barraquer, Isabel and Arinaitwe, Emmanuel and
               Jagannathan, Prasanna and Kamya, Moses R and Rosenthal, Phillip
               J and Rek, John and Dorsey, Grant and Nankabirwa, Joaniter and
               Staedke, Sarah G and Kilama, Maxwell and Drakeley, Chris and
               Ssewanyana, Isaac and Smith, David L and Greenhouse, Bryan",
  journal   = "Elife",
  publisher = "eLife Sciences Publications, Ltd",
  volume    =  7,
  pages     = "e35832",
  month     =  jul,
  year      =  2018,
  language  = "en"
}

@ARTICLE{Brady2015-ch,
  title    = "{Dengue disease outbreak definitions are implicitly variable}",
  author   = "Brady, Oliver J and Smith, David L and Scott, Thomas W and Hay,
              Simon I",
  journal  = "Epidemics",
  volume   =  11,
  pages    = "92--102",
  month    =  jun,
  year     =  2015,
  language = "en"
}

@ARTICLE{Cohen2012-ib,
  title    = "Malaria resurgence: a systematic review and assessment of its
              causes",
  author   = "Cohen, Justin M and Smith, David L and Cotter, Chris and Ward,
              Abigail and Yamey, Gavin and Sabot, Oliver J and Moonen, Bruno",
  journal  = "Malar. J.",
  volume   =  11,
  pages    = "122",
  month    =  apr,
  year     =  2012,
  language = "en"
}

@ARTICLE{Ross1917-im,
  title   = "{An Application of the Theory of Probabilities to the Study of a
             priori Pathometry. Part {III}}",
  author  = "Ross, Ronald and Hudson, H",
  journal = "Proceedings of the Royal Society A: Mathematical, Physical and
             Engineering Science",
  volume  =  93,
  number  =  650,
  pages   = "225--240",
  month   =  feb,
  year    =  1917
}

@ARTICLE{Le_Menach2006-bv,
  title    = "{Key strategies for reducing spread of avian influenza among
              commercial poultry holdings: lessons for transmission to humans}",
  author   = "Le Menach, Arnaud and Vergu, Elisabeta and Grais, Rebecca F and
              Smith, David L and Flahault, Antoine",
  journal  = "Proc. Biol. Sci.",
  volume   =  273,
  number   =  1600,
  pages    = "2467--2475",
  month    =  oct,
  year     =  2006,
  language = "en"
}

@ARTICLE{Gething2014-ia,
  title    = "Declining malaria in Africa: improving the measurement of
              progress",
  author   = "Gething, Peter W and Battle, Katherine E and Bhatt, Samir and
              Smith, David L and Eisele, Thomas P and Cibulskis, Richard E and
              Hay, Simon I",
  journal  = "Malar. J.",
  volume   =  13,
  pages    = "39",
  month    =  jan,
  year     =  2014,
  language = "en"
}

@INCOLLECTION{Laxminarayan2007-bv,
  title     = "{Ecology and economics of cycling antibiotics: Insights from
               mathematical modeling}",
  booktitle = "Antimicrobial Resistance in Bacteria",
  author    = "Laxminarayan, Ramanan and Smith, David L",
  editor    = "Amabile-Cuevas, C F",
  publisher = "Horizon Scientific Press",
  pages     = "167--178",
  year      =  2007
}

@ARTICLE{Harris2002-zk,
  title    = "Risk factors for imipenem-resistant \textit{Pseudomonas
              aeruginosa} among hospitalized patients",
  author   = "Harris, Anthony D and Smith, David and Johnson, Judith A and
              Bradham, Douglas D and Roghmann, Mary-Claire",
  journal  = "Clin. Infect. Dis.",
  volume   =  34,
  number   =  3,
  pages    = "340--345",
  month    =  feb,
  year     =  2002,
  language = "en"
}

@ARTICLE{Koella1991-wf,
  title    = "On the use of mathematical models of malaria transmission",
  author   = "Koella, Jacob C",
  journal  = "Acta Trop.",
  volume   =  49,
  number   =  1,
  pages    = "1--25",
  month    =  apr,
  year     =  1991,
  language = "en"
}

@ARTICLE{Weiss2019-ij,
  title    = "Mapping the global prevalence, incidence, and mortality of
              \textit{Plasmodium falciparum}, 2000-17: a spatial and temporal
              modelling study",
  author   = "Weiss, Daniel J and Lucas, Tim C D and Nguyen, Michele and Nandi,
              Anita K and Bisanzio, Donal and Battle, Katherine E and Cameron,
              Ewan and Twohig, Katherine A and Pfeffer, Daniel A and Rozier,
              Jennifer A and Gibson, Harry S and Rao, Puja C and Casey, Daniel
              and Bertozzi-Villa, Amelia and Collins, Emma L and Dalrymple,
              Ursula and Gray, Naomi and Harris, Joseph R and Howes, Rosalind E
              and Kang, Sun Yun and Keddie, Suzanne H and May, Daniel and
              Rumisha, Susan and Thorn, Michael P and Barber, Ryan and Fullman,
              Nancy and Huynh, Chantal K and Kulikoff, Xie and Kutz, Michael J
              and Lopez, Alan D and Mokdad, Ali H and Naghavi, Mohsen and
              Nguyen, Grant and Shackelford, Katya Anne and Vos, Theo and Wang,
              Haidong and Smith, David L and Lim, Stephen S and Murray,
              Christopher J L and Bhatt, Samir and Hay, Simon I and Gething,
              Peter W",
  journal  = "Lancet",
  volume   =  394,
  number   =  10195,
  pages    = "322--331",
  month    =  jul,
  year     =  2019,
  language = "en"
}

@TECHREPORT{Smith2011-tq,
  title  = "{Risk Stratification \& {Evidence-Based} Strategic Planning for the
            Tanzania National Malaria Control Program}",
  author = "Smith, David L",
  month  =  dec,
  year   =  2011
}

@ARTICLE{Hay2009-fj,
  title    = "A world malaria map: \textit{Plasmodium falciparum} endemicity in
              2007",
  author   = "Hay, Simon I and Guerra, Carlos A and Gething, Peter W and Patil,
              Anand P and Tatem, Andrew J and Noor, Abdisalan M and Kabaria,
              Caroline W and Manh, Bui H and Elyazar, Iqbal R F and Brooker,
              Simon and Smith, David L and Moyeed, Rana A and Snow, Robert W",
  journal  = "PLoS Med.",
  volume   =  6,
  number   =  3,
  pages    = "e1000048",
  month    =  mar,
  year     =  2009,
  language = "en"
}

@ARTICLE{Tatem2009-fm,
  title    = "The use of mobile phone data for the estimation of the travel
              patterns and imported \textit{Plasmodium falciparum} rates among
              Zanzibar residents",
  author   = "Tatem, Andrew J and Qiu, Youliang and Smith, David L and Sabot,
              Oliver and Ali, Abdullah S and Moonen, Bruno",
  journal  = "Malar. J.",
  volume   =  8,
  pages    = "287",
  month    =  dec,
  year     =  2009,
  language = "en"
}

@ARTICLE{Zhao2016-hh,
  title     = "{Exploring the spatiotemporal drivers of malaria elimination in
               Europe}",
  author    = "Zhao, Xia and Smith, David L and Tatem, Andrew J",
  journal   = "Malar. J.",
  publisher = "BioMed Central",
  volume    =  15,
  number    =  1,
  pages     = "122",
  month     =  mar,
  year      =  2016,
  language  = "en"
}

@ARTICLE{Gething2011-wt,
  title    = "{Modelling the global constraints of temperature on transmission
              of \emph{Plasmodium falciparum} and \emph{P. vivax}}",
  author   = "Gething, Peter W and Van Boeckel, Thomas P and Smith, David L and
              Guerra, Carlos A and Patil, Anand P and Snow, Robert W and Hay,
              Simon I",
  journal  = "Parasit. Vectors",
  volume   =  4,
  pages    = "92",
  month    =  may,
  year     =  2011,
  language = "en"
}

@ARTICLE{Bhatt2015-za,
  title    = "{The effect of malaria control on \emph{Plasmodium falciparum }in
              Africa between 2000 and 2015}",
  author   = "Bhatt, S and Weiss, D J and Cameron, E and Bisanzio, D and
              Mappin, B and Dalrymple, U and Battle, K and Moyes, C L and
              Henry, A and Eckhoff, P A and Wenger, E A and Bri{\"e}t, O and
              Penny, M A and Smith, T A and Bennett, A and Yukich, J and
              Eisele, T P and Griffin, J T and Fergus, C A and Lynch, M and
              Lindgren, F and Cohen, J M and Murray, C L J and Smith, D L and
              Hay, S I and Cibulskis, R E and Gething, P W",
  journal  = "Nature",
  volume   =  526,
  number   =  7572,
  pages    = "207--211",
  month    =  oct,
  year     =  2015,
  language = "en"
}

@ARTICLE{Perkins2019-ro,
  title     = "{An agent-based model of dengue virus transmission shows how
               uncertainty about breakthrough infections influences vaccination
               impact projections}",
  author    = "Perkins, T Alex and Reiner, Jr, Robert C and Espa{\~n}a, Guido
               and Ten Bosch, Quirine A and Verma, Amit and Liebman, Kelly A
               and Paz-Soldan, Valerie A and Elder, John P and Morrison, Amy C
               and Stoddard, Steven T and Kitron, Uriel and Vazquez-Prokopec,
               Gonzalo M and Scott, Thomas W and Smith, David L",
  journal   = "PLoS Comput. Biol.",
  publisher = "Public Library of Science",
  volume    =  15,
  number    =  3,
  pages     = "e1006710",
  month     =  mar,
  year      =  2019,
  language  = "en"
}

@ARTICLE{Cameron2015-xf,
  title     = "{Defining the relationship between infection prevalence and
               clinical incidence of \textit{Plasmodium falciparum} malaria}",
  author    = "Cameron, Ewan and Battle, Katherine E and Bhatt, Samir and
               Weiss, Daniel J and Bisanzio, Donal and Mappin, Bonnie and
               Dalrymple, Ursula and Hay, Simon I and Smith, David L and
               Griffin, Jamie T and Wenger, Edward A and Eckhoff, Philip A and
               Smith, Thomas A and Penny, Melissa A and Gething, Peter W",
  journal   = "Nat. Commun.",
  publisher = "The Author(s) SN -",
  volume    =  6,
  number    =  1,
  pages     = "8170",
  month     =  sep,
  year      =  2015,
  language  = "en"
}

@BOOK{Laxminarayan2007-gl,
  title     = "Extending the Cure: Policy Responses to the Growing Threat of
               Antibiotic Resistance",
  author    = "Laxminarayan, Ramanan and Malani, Anup and Howard, David
               Professor and Professor Smith, David L",
  publisher = "Earthscan",
  series    = "Policy responses to the growing threat of antibiotic resistance",
  year      =  2007,
  address   = "Washington, DC",
  language  = "en"
}

@ARTICLE{Pindolia2012-mb,
  title    = "Human movement data for malaria control and elimination strategic
              planning",
  author   = "Pindolia, Deepa K and Garcia, Andres J and Wesolowski, Amy and
              Smith, David L and Buckee, Caroline O and Noor, Abdisalan M and
              Snow, Robert W and Tatem, Andrew J",
  journal  = "Malar. J.",
  volume   =  11,
  pages    = "205",
  month    =  jun,
  year     =  2012,
  language = "en"
}

@ARTICLE{Stine2004-rk,
  title     = "Morphometry of hepatic neoplasms and altered foci in the
               mummichog, \textit{Fundulus heteroclitus}",
  author    = "Stine, Cynthia B and Smith, David L and Vogelbein, Wolfgang K
               and Harshbarger, John C and Gudla, Prabhakar R and Lipsky,
               Michael M and Kane, Andrew S",
  journal   = "Toxicol. Pathol.",
  publisher = "SAGE Publications Inc",
  volume    =  32,
  number    =  4,
  pages     = "375--383",
  month     =  jul,
  year      =  2004,
  language  = "en"
}

@PHDTHESIS{Smith1998-ry,
  title     = "The Evolutionary Ecology of Parasitic Plants",
  author    = "Smith, David L",
  editor    = "Levin, Simon A",
  publisher = "Princeton University",
  month     =  nov,
  year      =  1998,
  school    = "Princeton University"
}

@ARTICLE{Klein2015-yf,
  title    = "Bioeconomic analysis of child-targeted subsidies for artemisinin
              combination therapies: a cost-effectiveness analysis",
  author   = "Klein, Eili Y and Smith, David L and Cohen, Justin M and
              Laxminarayan, Ramanan",
  journal  = "J. R. Soc. Interface",
  volume   =  12,
  number   =  107,
  month    =  jun,
  year     =  2015,
  language = "en"
}

@INCOLLECTION{Smith2008-vo,
  title     = "Human Interventions on the Evolution of {Host-Bacterium}
               Interactions",
  booktitle = "Evolutionary Biology of Bacterial and Fungal Pathogens",
  author    = "Smith, David L and Laxminarayan, Ramanan",
  editor    = "Nombela, C{\'e}sar and Baquero, Fernando and
               Guti{\'e}rrez-Fuentes, Jos{\'e} A and Cassell, Gail H",
  publisher = "American Society of Microbiology",
  pages     = "51--62",
  year      =  2008
}

@ARTICLE{Espana2019-pu,
  title    = "{Biased efficacy estimates in {phase-III} dengue vaccine trials
              due to heterogeneous exposure and differential detectability of
              primary infections across trial arms}",
  author   = "Espa{\~n}a, Guido and Hogea, Cosmina and Guignard, Adrienne and
              Ten Bosch, Quirine A and Morrison, Amy C and Smith, David L and
              Scott, Thomas W and Schmidt, Alexander and Perkins, T Alex",
  journal  = "PLoS One",
  volume   =  14,
  number   =  1,
  pages    = "e0210041",
  month    =  jan,
  year     =  2019,
  language = "en"
}

@ARTICLE{Bruce-Chwatt1977-dr,
  title    = "Ronald Ross, William Gorgas, and Malaria Eradication",
  author   = "Bruce-Chwatt, Leonard Jan",
  journal  = "Am. J. Trop. Med. Hyg.",
  volume   =  26,
  number   = "5 Pt 2 Suppl",
  pages    = "1071--1079",
  month    =  sep,
  year     =  1977,
  language = "en"
}

@ARTICLE{Elliott2018-pp,
  title    = "Medical and entomological malarial interventions, a comparison
              and synergy of two control measures using a {Ross/Macdonald}
              model variant and {OpenMalaria} simulation",
  author   = "Elliott, R C and Smith, D L and Echodu, D",
  journal  = "Math. Biosci.",
  volume   =  300,
  pages    = "187--200",
  month    =  jun,
  year     =  2018,
  language = "en"
}

@ARTICLE{Hay2008-zi,
  title    = "Measuring malaria endemicity from intense to interrupted
              transmission",
  author   = "Hay, Simon I and Smith, David L and Snow, Robert W",
  journal  = "Lancet Infect. Dis.",
  volume   =  8,
  number   =  6,
  pages    = "369--378",
  month    =  jun,
  year     =  2008,
  language = "en"
}

@ARTICLE{Laxminarayan2010-lr,
  title    = "{Should new antimalarial drugs be subsidized?}",
  author   = "Laxminarayan, Ramanan and Parry, Ian W H and Smith, David L and
              Klein, Eili Y",
  journal  = "J. Health Econ.",
  volume   =  29,
  number   =  3,
  pages    = "445--456",
  month    =  may,
  year     =  2010,
  language = "en"
}

@ARTICLE{Smith2007-ji,
  title    = "Revisiting the basic reproductive number for malaria and its
              implications for malaria control",
  author   = "Smith, David L and McKenzie, F Ellis and Snow, Robert W and Hay,
              Simon I",
  journal  = "PLoS Biol.",
  volume   =  5,
  number   =  3,
  pages    = "e42",
  month    =  mar,
  year     =  2007,
  language = "en"
}

@ARTICLE{Smith2009-bp,
  title    = "Predicting changing malaria risk after expanded
              insecticide-treated net coverage in Africa",
  author   = "Smith, David L and Hay, Simon I and Noor, Abdisalan M and Snow,
              Robert W",
  journal  = "Trends Parasitol.",
  volume   =  25,
  number   =  11,
  pages    = "511--516",
  month    =  nov,
  year     =  2009,
  language = "en"
}

@ARTICLE{Escalante2009-cn,
  title    = "The dynamics of mutations associated with anti-malarial drug
              resistance in \textit{Plasmodium falciparum}",
  author   = "Escalante, Ananias A and Smith, David L and Kim, Yuseob",
  journal  = "Trends Parasitol.",
  volume   =  25,
  number   =  12,
  pages    = "557--563",
  month    =  dec,
  year     =  2009,
  language = "en"
}

@ARTICLE{Ross1897-mf,
  title    = "On some peculiar pigmented cells found in two mosquitos fed on
              malarial blood",
  author   = "Ross, Ronald",
  journal  = "Br. Med. J.",
  volume   =  2,
  number   =  1929,
  pages    = "1786--1788",
  month    =  dec,
  year     =  1897,
  language = "en"
}

@ARTICLE{Gething2011-zh,
  title    = "A new world malaria map: \textit{Plasmodium falciparum}
              endemicity in 2010",
  author   = "Gething, Peter W and Patil, Anand P and Smith, David L and
              Guerra, Carlos A and Elyazar, Iqbal R F and Johnston, Geoffrey L
              and Tatem, Andrew J and Hay, Simon I",
  journal  = "Malar. J.",
  volume   =  10,
  pages    = "378",
  month    =  dec,
  year     =  2011,
  language = "en"
}

@ARTICLE{OMeara2006-do,
  title    = "{Potential impact of intermittent preventive treatment ({IPT}) on
              spread of drug-resistant malaria}",
  author   = "O'Meara, Wendy Prudhomme and Smith, David L and McKenzie, F Ellis",
  journal  = "PLoS Med.",
  volume   =  3,
  number   =  5,
  pages    = "e141",
  month    =  may,
  year     =  2006,
  language = "en"
}

@ARTICLE{Mukandavire2011-tk,
  title     = "{Estimating the reproductive numbers for the 2008-2009 cholera
               outbreaks in Zimbabwe}",
  author    = "Mukandavire, Zindoga and Liao, Shu and Wang, Jin and Gaff, Holly
               D and Smith, David L and Morris, J Glenn",
  journal   = "Proc. Natl. Acad. Sci. U. S. A.",
  publisher = "National Acad Sciences",
  volume    =  108,
  number    =  21,
  pages     = "8767--8772",
  month     =  may,
  year      =  2011
}

@INCOLLECTION{Smith2000-rm,
  title     = "{Hemiparasitism}",
  booktitle = "Encyclopedia of Biodiversity",
  author    = "Smith, David L and Barkman, Todd J and dePamphilis, Claude W",
  editor    = "Levin, Simon A",
  publisher = "Academic Press",
  pages     = "317--328",
  month     =  nov,
  year      =  2000
}

@ARTICLE{Wesolowski2013-ov,
  title    = "The use of census migration data to approximate human movement
              patterns across temporal scales",
  author   = "Wesolowski, Amy and Buckee, Caroline O and Pindolia, Deepa K and
              Eagle, Nathan and Smith, David L and Garcia, Andres J and Tatem,
              Andrew J",
  journal  = "PLoS One",
  volume   =  8,
  number   =  1,
  pages    = "e52971",
  month    =  jan,
  year     =  2013,
  language = "en"
}

@ARTICLE{Takala2006-bl,
  title    = "A high-throughput method for quantifying alleles and haplotypes
              of the malaria vaccine candidate \textit{Plasmodium falciparum}
              merozoite surface protein-1 19 kDa",
  author   = "Takala, Shannon L and Smith, David L and Stine, O Colin and
              Coulibaly, Drissa and Thera, Mahamadou A and Doumbo, Ogobara K
              and Plowe, Christopher V",
  journal  = "Malar. J.",
  volume   =  5,
  pages    = "31",
  month    =  apr,
  year     =  2006,
  language = "en"
}

@ARTICLE{McKenzie2006-do,
  title    = "{Fever in patients with mixed-species malaria}",
  author   = "McKenzie, F Ellis and Smith, David L and O'Meara, Wendy P and
              Forney, J Russ and Magill, Alan J and Permpanich, Barnyen and
              Erhart, Laura M and Sirichaisinthop, Jeeraphat and
              Wongsrichanalai, Chansuda and Gasser, Jr, Robert A",
  journal  = "Clin. Infect. Dis.",
  volume   =  42,
  number   =  12,
  pages    = "1713--1718",
  month    =  jun,
  year     =  2006,
  language = "en"
}

@ARTICLE{Bhattacharjee2019-ab,
  title     = "{Mapping exclusive breastfeeding in Africa between 2000 and
               2017}",
  author    = "Bhattacharjee, Natalia V and Schaeffer, Lauren E and Marczak,
               Laurie B and Ross, Jennifer M and Swartz, Scott J and Albright,
               James and Gardner, William M and Shields, Chloe and Sligar,
               Amber and Schipp, Megan F and Pickering, Brandon V and Henry,
               Nathaniel J and Johnson, Kimberly B and Louie, Celia and Cork,
               Michael A and Steuben, Krista M and Lazzar-Atwood, Alice and Lu,
               Dan and Kinyoki, Damaris K and Osgood-Zimmerman, Aaron and Earl,
               Lucas and Mosser, Jonathan F and Deshpande, Aniruddha and
               Burstein, Roy and Woyczynski, Lauren P and Wilson, Katherine F
               and VanderHeide, John D and Wiens, Kirsten E and Reiner, Jr,
               Robert C and Piwoz, Ellen G and Rawat, Rahul and Sartorius, Benn
               and Davis Weaver, Nicole and Nixon, Molly R and Smith, David L
               and Kassebaum, Nicholas J and Gakidou, Emmanuela and Lim,
               Stephen S and Mokdad, Ali H and Murray, Christopher J L and
               Dwyer-Lindgren, Laura and Hay, Simon I",
  journal   = "Nat. Med.",
  publisher = "Nature Publishing Group",
  volume    =  25,
  number    =  8,
  pages     = "1205--1212",
  month     =  aug,
  year      =  2019,
  language  = "en"
}

@INCOLLECTION{Perkins2014-gx,
  title     = "{A review of transmission models of dengue: a quantitative and
               qualitative analysis of model features}",
  booktitle = "Dengue and Dengue Hemorrhagic Fever, 2nd Edition",
  author    = "Perkins, T Alex and Reiner, Robert C Jr and Rodriguez-Barraquer,
               Isabel and Smith, David L and Scott, Thomas W and Cummings,
               Derek A T",
  editor    = "Gubler, Duane J and Ooi, E E and Vasudevan, S and Farrar, J",
  publisher = "CABI",
  month     =  aug,
  year      =  2014,
  address   = "Wallingford"
}

@ARTICLE{McKenzie2006-dw,
  title    = "{Mixed-species malaria infections in travelers}",
  author   = "McKenzie, F Ellis and Smith, David L",
  journal  = "J. Travel Med.",
  volume   =  13,
  number   =  2,
  pages    = "123; author reply 123",
  month    =  mar,
  year     =  2006,
  language = "en"
}

@UNPUBLISHED{Wu2019-mg,
  title    = "Vector bionomics and vectorial capacity as emergent properties of
              mosquito behaviors and ecology",
  author   = "Wu, Sean L and Sanchez C, Hector M and Henry, John M and Citron,
              Daniel T and Zhang, Qian and Compton, Kelly and Liang, Biyonka
              and Verma, Amit and Cummings, Derek A T and Le Menach, Arnaud and
              Scott, Thomas W and Wilson, Anne L and Lindsay, Steven W and
              Moyes, Catherine L and Hancock, Penny A and Russell, Tanya L and
              Burkot, Thomas R and Marshall, John M and Kiware, Samson and
              Reiner, Robert C and Smith, David L",
  journal  = "bioRxiv",
  pages    = "790097",
  month    =  oct,
  year     =  2019,
  language = "en"
}

@ARTICLE{GBD_2016_SDG_Collaborators2017-nz,
  title     = "{Measuring progress and projecting attainment on the basis of
               past trends of the health-related Sustainable Development Goals
               in 188 countries: an analysis from the Global Burden of Disease
               Study 2016}",
  author    = "{GBD 2016 SDG Collaborators}",
  journal   = "Lancet",
  publisher = "The Authors. Published by Elsevier Ltd. This is an Open Access
               article published under the CC BY 4.0 license",
  volume    =  390,
  number    =  10100,
  pages     = "1423--1459",
  month     =  sep,
  year      =  2017,
  language  = "en"
}

@ARTICLE{GBD_2016_Risk_Factors_Collaborators2017-mq,
  title     = "{Global, regional, and national comparative risk assessment of
               84 behavioural, environmental and occupational, and metabolic
               risks or clusters of risks, 1990-2016: a systematic analysis for
               the Global Burden of Disease Study 2016}",
  author    = "{GBD 2016 Risk Factors Collaborators}",
  journal   = "Lancet",
  publisher = "The Author(s). Published by Elsevier Ltd. This is an Open Access
               article under the CC BY 4.0 license",
  volume    =  390,
  number    =  10100,
  pages     = "1345--1422",
  month     =  sep,
  year      =  2017,
  language  = "en"
}

@ARTICLE{GBD_2016_DALYs_and_HALE_Collaborators2017-uz,
  title     = "{Global, regional, and national disability-adjusted life-years
               ({DALYs}) for 333 diseases and injuries and healthy life
               expectancy ({HALE}) for 195 countries and territories,
               1990-2016: a systematic analysis for the Global Burden of
               Disease Study 2016}",
  author    = "{GBD 2016 DALYs and HALE Collaborators}",
  journal   = "Lancet",
  publisher = "The Author(s). Published by Elsevier Ltd. This is an Open Access
               article under the CC BY 4.0 license",
  volume    =  390,
  number    =  10100,
  pages     = "1260--1344",
  month     =  sep,
  year      =  2017,
  language  = "en"
}

@ARTICLE{GBD_2017_Disease_and_Injury_Incidence_and_Prevalence_Collaborators2018-el,
  title    = "Global, regional, and national incidence, prevalence, and years
              lived with disability for 354 diseases and injuries for 195
              countries and territories, 1990-2017: a systematic analysis for
              the Global Burden of Disease Study 2017",
  author   = "{GBD 2017 Disease and Injury Incidence and Prevalence
              Collaborators}",
  journal  = "Lancet",
  volume   =  392,
  number   =  10159,
  pages    = "1789--1858",
  month    =  nov,
  year     =  2018,
  language = "en"
}

@ARTICLE{GBD_2017_DALYs_and_HALE_Collaborators2018-tl,
  title     = "{Global, regional, and national disability-adjusted life-years
               ({DALYs}) for 359 diseases and injuries and healthy life
               expectancy ({HALE}) for 195 countries and territories,
               1990-2017: a systematic analysis for the Global Burden of
               Disease Study 2017}",
  author    = "{GBD 2017 DALYs and HALE Collaborators}",
  journal   = "Lancet",
  publisher = "The Author(s). Published by Elsevier Ltd. This is an Open Access
               article under the CC BY 4.0 license",
  volume    =  392,
  number    =  10159,
  pages     = "1859--1922",
  month     =  nov,
  year      =  2018,
  language  = "en"
}

@ARTICLE{GBD_2016_Causes_of_Death_Collaborators2017-ay,
  title     = "{Global, regional, and national age-sex specific mortality for
               264 causes of death, 1980-2016: a systematic analysis for the
               Global Burden of Disease Study 2016}",
  author    = "{GBD 2016 Causes of Death Collaborators}",
  journal   = "Lancet",
  publisher = "The Author(s). Published by Elsevier Ltd. This is an Open Access
               article under the CC BY 4.0 license",
  volume    =  390,
  number    =  10100,
  pages     = "1151--1210",
  month     =  sep,
  year      =  2017,
  language  = "en"
}

@ARTICLE{GBD_2017_Risk_Factor_Collaborators2018-jr,
  title     = "Global, regional, and national comparative risk assessment of 84
               behavioural, environmental and occupational, and metabolic risks
               or clusters of risks for 195 countries and territories,
               1990-2017: a systematic analysis for the Global Burden of
               Disease Study 2017",
  author    = "{GBD 2017 Risk Factor Collaborators}",
  journal   = "Lancet",
  publisher = "The Author(s). Published by Elsevier Ltd. This is an Open Access
               article under the CC BY 4.0 license.",
  volume    =  392,
  number    =  10159,
  pages     = "1923--1994",
  month     =  nov,
  year      =  2018,
  language  = "en"
}

@ARTICLE{GBD_2016_Disease_and_Injury_Incidence_and_Prevalence_Collaborators2017-ph,
  title     = "Global, regional, and national incidence, prevalence, and years
               lived with disability for 328 diseases and injuries for 195
               countries, 1990-2016: a systematic analysis for the Global
               Burden of Disease Study 2016",
  author    = "{GBD 2016 Disease and Injury Incidence and Prevalence
               Collaborators}",
  journal   = "Lancet",
  publisher = "The Author(s). Published by Elsevier Ltd. This is an Open Access
               article under the CC BY 4.0 license",
  volume    =  390,
  number    =  10100,
  pages     = "1211--1259",
  month     =  sep,
  year      =  2017,
  language  = "en"
}

@ARTICLE{GBD_2016_Mortality_Collaborators2017-xu,
  title     = "{Global, regional, and national under-5 mortality, adult
               mortality, age-specific mortality, and life expectancy,
               1970-2016: a systematic analysis for the Global Burden of
               Disease Study 2016}",
  author    = "{GBD 2016 Mortality Collaborators}",
  journal   = "Lancet",
  publisher = "The Author(s). Published by Elsevier Ltd. This is an Open Access
               article under the CC BY 4.0 license",
  volume    =  390,
  number    =  10100,
  pages     = "1084--1150",
  month     =  sep,
  year      =  2017,
  language  = "en"
}

@ARTICLE{Bockarie1999-sf,
  title     = "It all began with Ronald Ross: 100 years of malaria research and
               control in Sierra Leone (1899--1999)",
  author    = "Bockarie, M J and Gbakima, A A and Barnish, G",
  journal   = "Ann. Trop. Med. Parasitol.",
  publisher = "Taylor \& Francis",
  volume    =  93,
  number    =  3,
  pages     = "213--224",
  month     =  apr,
  year      =  1999
}

@ARTICLE{Bynum1994-jz,
  title    = "An experiment that failed: malaria control at Mian Mir",
  author   = "Bynum, W F",
  journal  = "Parassitologia",
  volume   =  36,
  number   = "1-2",
  pages    = "107--120",
  month    =  aug,
  year     =  1994,
  language = "en"
}

@ARTICLE{Nasell1991-gy,
  title    = "{On the quasi-stationary distribution of the Ross malaria model}",
  author   = "N{\aa}sell, I",
  journal  = "Math. Biosci.",
  volume   =  107,
  number   =  2,
  pages    = "187--207",
  month    =  dec,
  year     =  1991,
  language = "en"
}

@ARTICLE{Ross1915-pa,
  title    = "{SOME} A {PRIORI} {PATHOMETRIC} {EQUATIONS}",
  author   = "Ross, R",
  journal  = "Br. Med. J.",
  volume   =  1,
  number   =  2830,
  pages    = "546--547",
  month    =  mar,
  year     =  1915,
  language = "en"
}

@ARTICLE{Johnston2013-ea,
  title    = "Malaria's missing number: calculating the human component of
              {R$_{0}$} by a within-host mechanistic model of
              \textit{Plasmodium falciparum} infection and transmission",
  author   = "Johnston, Geoffrey L and Smith, David L and Fidock, David A",
  journal  = "PLoS Comput. Biol.",
  volume   =  9,
  number   =  4,
  pages    = "e1003025",
  month    =  apr,
  year     =  2013,
  language = "en"
}

@ARTICLE{Geli2012-ad,
  title    = "``One-size-fits-all''? Optimizing treatment duration for
              bacterial infections",
  author   = "Geli, Patricia and Laxminarayan, Ramanan and Dunne, Michael and
              Smith, David L",
  journal  = "PLoS One",
  volume   =  7,
  number   =  1,
  pages    = "e29838",
  month    =  jan,
  year     =  2012,
  language = "en"
}

@ARTICLE{Ruktanonchai2015-qs,
  title    = "Experience- and age-mediated oviposition behaviour in the yellow
              fever mosquito \textit{Stegomyia aegypti} (=\textit{Aedes
              aegypti})",
  author   = "Ruktanonchai, N W and Lounibos, L P and Smith, D L and Allan, S A",
  journal  = "Med. Vet. Entomol.",
  volume   =  29,
  number   =  3,
  pages    = "255--262",
  month    =  sep,
  year     =  2015,
  language = "en"
}

@ARTICLE{Russell2004-ja,
  title    = "{\emph{A priori} prediction of disease invasion dynamics in a
              novel environment}",
  author   = "Russell, Colin A and Smith, David L and Waller, Lance A and
              Childs, James E and Real, Leslie A",
  journal  = "Proc. Biol. Sci.",
  volume   =  271,
  number   =  1534,
  pages    = "21--25",
  month    =  jan,
  year     =  2004,
  language = "en"
}

@INPROCEEDINGS{Grais2003-on,
  title     = "{Exploring spatial and temporal trends in {U.S}. childhood
               rotavirus hospitalization}",
  booktitle = "{ESRI} Health {GIS} Conference 2003, Arlington, {VA}, May 4-7",
  author    = "Grais, Rebecca F and Smith, David L and Sturke, R and
               Elixhauser, A and Simonsen, Lone",
  month     =  sep,
  year      =  2003,
  address   = "ESRI Health GIS Conference 2003, Arlington, VA, May 4-7"
}


@ARTICLE{Cosner2009-od,
  title    = "The effects of human movement on the persistence of vector-borne
              diseases",
  author   = "Cosner, C and Beier, John C and Cantrell, R S and Impoinvil, D
              and Kapitanski, L and Potts, M D and Troyo, A and Ruan, S",
  journal  = "J. Theor. Biol.",
  volume   =  258,
  number   =  4,
  pages    = "550--560",
  month    =  jun,
  year     =  2009,
  language = "en"
}

